1781 3174
203 202 305 253 576
555 209 1312 247 Anno'rA'rtonEs

205 317 292 358 lani
311 324 456 356 notam
488 312 540 355 ad
564 315 634 354 De
655 313 757 354 Salt.
778 326 813 353 c.
840 312 904 356 15.
935 312 1116 361 me.)
1148 325 1182 352 c.
1204 316 1271 358 83.
1288 310 1365 350 ubi
1387 310 1472 352 hoc
1492 309 1665 353 verbum

207 374 362 413 iterum
383 373 590 422 occurrit,
622 380 663 410 et
685 369 934 423 explicatur.
963 369 1128 407 Rm'rz.

319 441 424 481 Ead.
446 444 475 479 1.
499 445 538 483 6.
567 434 829 487 Ἀ’θλοθέται)
863 438 1030 476 Morem
1051 436 1166 476 hunc
1184 438 1279 491 quis
1301 437 1530 487 notaverit,
1560 435 1668 475 mihi

207 513 324 540 nunc
355 512 442 537 non
476 495 698 536 succurrit.
760 494 919 548 Tangit
942 494 1094 533 iterum
1125 495 1205 532 Pro
1237 495 1372 533 Mero.
1401 492 1539 535 Cond.
1572 507 1606 535 c.
1630 498 1667 537 5.

209 558 380 596 SOLAN.
441 552 569 606 Quod
591 552 633 591 h.
656 554 684 591 l.
709 550 758 590 de
776 550 1011 598 histrione,
1029 550 1140 588 idem
1163 549 1213 589 de
1235 550 1483 590 citharoedo
1507 549 1668 588 dietum

210 611 398 653 occurrit
419 609 529 649 Adv.
549 608 720 648 Indoct.
743 622 775 649 c.
796 611 859 657 9.,
892 608 965 661 qui
987 606 1159 660 quidem
1177 610 1297 646 locus
1319 607 1493 646 omnino
1514 606 1669 660 dignus

212 680 300 713 est,
334 666 410 720 qui
433 681 525 705 cum
548 664 630 704 hoc
660 674 805 703 nostro
834 664 1090 706 conferatur.
1145 663 1240 702 Nec
1264 665 1491 703 contulisse
1514 663 1673 716 poeni-

210 725 322 765 tebit
342 724 463 777 Nigr.
489 737 524 762 e.
551 726 615 764 14.
673 721 792 759 Hinc
823 720 983 773 patebit
1014 721 1160 770 simul,
1194 716 1453 774 ἀγωνοθέτην
1484 729 1525 758 et
1551 717 1673 761 ἆθλο-

210 783 336 833 θέτην
354 778 535 818 eundem
556 778 737 817 Athenis
762 777 895 816 fuisse
918 777 1223 830 magistratum,
1242 787 1368 829 atque
1391 777 1495 816 adeo
1516 791 1673 814 vanum

212 852 303 878 esse
323 836 547 875 discrimen
579 834 710 882 illud,
743 832 857 886 quod
881 833 1080 871 nonnulli
1105 833 1379 871 Grammatici
1405 832 1472 871 his
1497 832 1674 871 vocibus

213 894 344 933 statui
368 895 611 941 voluerunt,
633 900 678 928 ut
692 889 851 938 suidas,
875 904 968 927 cum
993 903 1092 943 quo,
1114 890 1174 928 sic
1196 899 1421 930 monente:
1448 887 1677 944 Ἀγωνοθὲ-

213 968 298 1004 της,
333 947 354 991 ὅ
376 951 418 991 ἐν
439 954 523 996 τοῖς
544 953 759 998 σκηνικοῖς.
793 942 894 987 ἆθλο
904 947 1019 998 θέτης
1039 948 1094 996 δὲ,
1125 943 1146 987 ὅ
1168 947 1209 987 ἐν
1228 952 1310 994 τοῖς
1329 952 1551 1000 γυμνικοῖς,
1576 961 1676 984 con-

215 1007 407 1047 sentiunt
426 1005 664 1045 Ammonius
685 1014 726 1042 et
745 1003 972 1056 IIcsyclzius.
1012 1003 1104 1041 Nec
1124 1004 1295 1056 majoris
1319 1003 1447 1056 pretii
1465 1017 1552 1041 esse
1575 1003 1678 1042 Tho-

214 1080 302 1103 mae
322 1063 439 1115 Mag.
462 1071 503 1099 et
527 1059 724 1100 Moeridis
755 1070 1022 1112 praeceptum
1054 1059 1342 1112 intelligetur,
1378 1073 1557 1113 quorum
1581 1059 1678 1098 ine:

209 1119 457 1171 Ἀθλοθέτης
480 1123 685 1167 κρεῖττον,
715 1112 744 1168 ἢ
766 1112 1038 1170 ἀγωνοθέτης,
1069 1115 1165 1155 hic:
1193 1114 1456 1168 Ἀθλοθέτης,
1483 1112 1680 1163 Ἀττικῶς.

216 1174 497 1232 ἀγωνοθέτης,
524 1171 780 1224 Ἑλληνικῶς.
811 1173 1019 1211 refutatus
1043 1175 1124 1225 jam
1147 1181 1326 1226 uterque
1347 1187 1398 1211 ex
1421 1172 1678 1225 optimorum

217 1233 471 1285 scriptorum
494 1245 573 1269 usu
602 1230 650 1268 ab
675 1230 898 1278 utriusque
918 1228 1173 1268 Editoribus
1195 1238 1236 1267 et
1251 1228 1680 1268 commentatoribus.

216 1292 358 1329 Tanto
382 1288 513 1341 magis
544 1286 731 1335 mireris,
762 1285 944 1324 Relinum
974 1286 1204 1324 etiamnum
1235 1300 1367 1339 nugas
1392 1285 1494 1323 istas
1518 1285 1679 1334 Suiclae,

217 1356 260 1386 et
296 1344 534 1393 sociorum,
575 1357 801 1395 recoquere
843 1342 1061 1394 potuisse;
1109 1341 1348 1395 indigneris
1380 1342 1528 1391 etiam,
1561 1342 1682 1380 illinc

216 1403 458 1456 profectum
479 1399 737 1452 improbasse
759 1398 936 1437 eundem
955 1398 998 1437 h.
1022 1401 1051 1437 l.
1075 1398 1304 1436 lectionem
1326 1400 1539 1451 vulgatam
1562 1395 1681 1439 ἆθλο·

217 1461 353 1508 θέται,
384 1456 666 1508 maluisseque
687 1470 708 1494 e
732 1457 856 1497 2954.
879 1450 1143 1508 ἀγωνοθέται.
1182 1453 1297 1506 quod
1321 1454 1585 1493 temerarium
1611 1457 1684 1508 ju·-

218 1515 378 1554 dicium
399 1521 566 1552 secutus
593 1526 679 1549 non
705 1512 843 1548 minus
865 1521 1018 1549 temere
1032 1510 1302 1550 Sclzmieclerus
1322 1510 1504 1563 spuriam
1527 1510 1572 1548 in
1594 1521 1684 1549 tex-

217 1581 307 1610 tum
330 1568 581 1623 importavit
604 1582 766 1607 vocem.
812 1569 967 1607 LnnM.

331 1648 437 1689 Ibid.
471 1646 737 1701 Μαστιγοῦυ)
769 1647 931 1700 Tangit
953 1646 1069 1685 hunc
1089 1660 1246 1686 morem
1281 1646 1489 1699 interpres
1512 1647 1684 1686 Aristo-

215 1707 382 1761 phanis,
413 1714 454 1744 et
478 1714 663 1742 oratores
686 1704 849 1742 Graeci.
881 1705 1057 1744 Bonan,

332 1763 433 1815 Pag.
459 1766 552 1804 166.
586 1763 615 1799 l.
644 1766 682 1803 6.
731 1758 780 1801 Τὸ
809 1757 932 1801 καλὸν
964 1757 1146 1811 ἀγαθὸν)
1187 1759 1353 1797 Summa
1381 1757 1684 1812 philosophiae

218 1820 413 1867 Stoicae,
448 1832 571 1872 quam
603 1817 789 1869 explicat
821 1817 954 1857 La‘brt.
989 1817 1033 1853 in
1067 1818 1172 1865 Zen.
1204 1815 1382 1854 Bonan.
1441 1817 1553 1854 Mox
1583 1815 1685 1855 mire

218 1877 522 1929 interpretatus
556 1882 619 1912 est
657 1872 994 1927 Pir-ckhqymerus:
1043 1883 1077 1911 et
1107 1871 1316 1926 splendida
1346 1887 1518 1926 quaeque
1542 1870 1688 1926 despici

219 1933 372 1981 debere,
406 1931 515 1970 bonis
529 1929 741 1983 aequaliter
757 1928 1033 1985 perfruendum
1053 1945 1142 1969 esse.
1205 1927 1343 1981 Quid,
1369 1941 1540 1981 quaeso,
1571 1929 1686 1967 hunc

218 1989 396 2043 legisse,
429 1990 496 2026 vel
518 1987 748 2040 cogitasse,
788 2001 979 2036 censeas,
1013 1995 1060 2024 ut
1082 1996 1164 2024 tam
1191 1988 1319 2038 longe
1353 1998 1375 2022 a
1395 1994 1509 2024 recto
1531 1984 1686 2024 verbo-

217 2059 311 2084 rum
338 2047 605 2098 vulgatorum
640 2056 764 2081 sensu
800 2042 986 2081 aberrare
1018 2040 1243 2095 potuerit?
1284 2041 1353 2079 An
1382 2041 1494 2080 forte
1519 2038 1690 2097 ἀγαθοῖς

220 2104 482 2157 διαχρῆσθαι;
515 2098 705 2136 Atnihil
729 2098 933 2150 ineptius.
967 2099 1122 2138 me.

332 2158 431 2211 Pag.
470 2160 563 2199 167.
599 2158 627 2193 l·
660 2160 695 2197 1.
747 2157 901 2198 Γέλωτα
939 2150 1283 2209 ὀφλισκάνουσιν)
1332 2153 1403 2192 Sic
1431 2152 1545 2208 apud
1577 2153 1685 2196 Plat.

219 2215 337 2255 Idem
366 2214 536 2266 passim.
571 2213 750 2251 Bomio.

332 2271 439 2314 Eacl,
461 2273 488 2309 l.
513 2274 552 2312 2.
578 2265 848 2321 ’.Ωθιζὸμενοι
864 2267 955 2318 ἐπὶ)
986 2267 1067 2307 His
1087 2267 1388 2308 incumbentes.
1423 2267 1599 2306 GUYET.

331 2349 432 2389 Ead.
453 2351 533 2393 1.3.
567 2344 911 2400 Παρωθούμενοι)
943 2347 1053 2387 Sana
1076 2347 1244 2399 quidem
1266 2347 1420 2395 lecti03
1451 2345 1523 2385 sed
1542 2347 1687 2385 sanior

221 2407 484 2461 Anglicana‚
532 2402 947 2458 παραγκωνιζόμενοι,
998 2405 1113 2455 quod
1154 2406 1305 2456 passim
1340 2403 1482 2441 eadem
1516 2412 1682 2447 utatur,

222 2474 271 2501 ut
303 2463 346 2500 in
378 2462 548 2516 Nigrin.
580 2461 691 2499 vide.
726 2462 904 2500 Bounn.
965 2459 1090 2498 Libri
1126 2460 1249 2498 istius
1284 2468 1482 2511 excerpta
1519 2458 1686 2498 firmant

221 2518 532 2571 Anglicanuin‚
562 2518 606 2555 in
634 2532 717 2572 quo
740 2518 898 2570 legitur
915 2517 983 2557 καὶ
1005 2518 1093 2569 περὶ
1123 2514 1193 2563 τὰς
1217 2520 1296 2556 τῶν
1325 2517 1526 2556 πλουσίων
1555 2513 1685 2568 θύρας

222 2571 420 2626 ἀλλήλους
447 2571 864 2628 παραγκωνιζόμενοι,
901 2571 1015 2626 quod
1042 2572 1190 2610 merito
1214 2571 1365 2623 probat
1392 2571 1684 2612 Bour-delozius.

226 2630 403 2670 Gnsz.
463 2630 669 2685 Egregiae
691 2627 1211 2682 pseudophilosophorum
1230 2627 1408 2666 virtutes
1439 2629 1681 2682 praedican-

225 2697 318 2737 tur,
353 2686 578 2727 nimirum:
611 2684 706 2734 τούς
725 2689 943 2732 πλουσίους
961 2681 1181 2736 τεθήπασι,
1212 2685 1278 2725 καὶ
1302 2682 1403 2737 πρὸς
1420 2682 1462 2725 τὸ
1487 2682 1683 2740 ἀργύριον

223 2741 431 2801 κεχῄνασι,
461 2738 711 2801 ὀργιλώτεροι
728 2742 798 2797 μὲν
817 2747 896 2788 τῶν
913 2743 1107 2787 κυνιδίων
1131 2738 1262 2792 ὄντες,
1293 2737 1506 2797 δειλότεροι
1537 2741 1579 2786 δὲ
1603 2745 1682 2784 τῶν
