1781 3174
482 202 539 232 lN
590 200 1109 234 ΝΕυΥοΜΑΝΤιΔΜ.
1422 198 1522 244 397

67 304 219 346 clivins
236 333 247 352 ‚
275 315 397 358 quam
417 301 460 338 in
483 299 566 339 hoc
589 297 870 339 fundamento
891 299 1040 340 Minoi
1067 300 1267 342 thronum
1297 307 1520 357 collocare,

69 376 192 415 quem
217 360 268 398 de
294 373 369 397 suo
391 357 585 396 liberales
610 360 763 408 poetae
787 355 1006 395 sublimem
1035 369 1274 398 erexerunt.
1310 360 1521 404 claudian.

67 418 113 455 in
133 415 279 456 Rufin.
300 415 366 462 II,
387 418 483 457 477.
515 437 571 442 —
602 414 796 466 quaesitor
818 414 860 450 in
880 412 963 451 alto
981 411 1223 467 Conspicuus
1247 416 1347 456 solio
1359 431 1523 471 perten-

64 484 123 512 tat
145 475 308 511 crimina
324 471 474 518 Ῑέζῖἰηοε,
505 469 555 507 Et
571 471 689 522 justis
708 468 856 506 dirimit
889 480 1016 508 sontes
1044 493 1111 511 --,
1144 471 1206 509 ibi
1225 472 1414 513 Bczrtlzius
1438 476 1523 514 Lu-

67 532 224 568 cinnum
238 536 387 572 ‚testem
409 524 647 564 advocavit.
707 524 819 562 Vide
838 524 1011 578 Propert.
1036 526 1109 565 IV.
1130 527 1195 566 El.
1217 528 1297 578 XI,
1317 533 1381 572 19.
1416 531 1521 572 Stat.

65 583 197 625 Theb.
226 584 301 630 IV,
325 585 420 626 530.
482 581 562 621 Sed
589 580 699 618 nulli
732 580 877 619 notior
898 595 970 619 sua
1003 581 1176 630 domus,
1210 600 1332 638 quam
1355 589 1522 626 cunctis

63 638 324 679 tremendum
347 639 579 677 inferorum
600 636 806 686 tribunal,
839 646 880 676 et
900 651 1046 675 urnam
1073 654 1246 679 movens
1270 641 1424 683 arbiter
1443 643 1524 683 Or·-

65 697 106 734 ci
130 710 177 734 ac
201 694 418 748 quaesitor
439 695 611 732 Minos:
645 693 870 745 praeterire
887 701 1024 732 tamen
1048 709 1133 733 non
1156 710 1324 748 possum
1348 703 1524 755 neglec-

62 761 152 790 tum
174 751 224 790 ab
254 751 348 789 aliis
373 751 581 803 insignem
595 748 826 788 Philostrati
842 752 1005 795 Iocum,
1039 760 1086 787 ut
1109 761 1196 789 tum
1229 752 1522 796 difficultatem

64 810 156 859 ejus
179 807 418 858 obscuram,
450 817 536 844 tum
562 820 740 845 errorem
769 804 919 843 Olearii
941 820 1028 844 non
1050 807 1302 848 mediocrem
1323 813 1521 852 amoliar:

66 865 127 902 sic
151 863 262 916 apud
294 878 386 902 eum
418 862 662 916 Apollonius
686 862 807 900 VIII.
830 876 871 913 p.
893 865 987 905 352.
1031 859 1106 904 οὐκ
1136 861 1299 917 ἔχθεται
1322 867 1362 908 δὲ
1385 865 1476 910 οὐδὲ
1501 865 1524 911 ὅ

67 918 170 968 Ζεῦς
193 915 356 961 ἀκούων
377 921 442 960 καὶ
461 924 582 959 ταῦτα
604 923 680 958 τοῖν
697 923 877 970 ποιητῶν
909 949 1095 960 .....
1128 920 1322 974 λεγόντων
1338 941 1376 965 τε
1407 919 1459 966 αὖ
1481 926 1524 967 ἐν

71 979 347 1031 Ψυχοστασίᾳ,
380 976 439 1017 ὅτι
464 979 587 1016 ΖΡῙίνω
609 973 678 1016 τὸν
702 971 879 1026 εἷδελφὸν
899 979 972 1015 τοῦ
988 977 1256 1029 Σαρπηδόνος
1286 975 1526 1023 ἀποθανόν-

65 1051 112 1076 τα
132 1038 266 1089 χρυσῷ
286 1034 354 1085 μὲν
376 1030 560 1085 σκήπτρῳ
583 1033 759 1083 ἐτίμησε,
791 1032 859 1072 καὶ
879 1028 1050 1080 δικάζειν
1071 1034 1202 1082 ἔταξεν
1220 1037 1261 1076 ἐν
1285 1041 1336 1090 τῇ
1359 1043 1433 1079 τοῦ
1449 1033 1527 1080 Ἀἶ-

65 1092 223 1137 δωνέως
243 1087 394 1144 (ῗγορᾷ,
428 1088 604 1140 Μοιρῶν
626 1083 661 1128 ‹3'
687 1085 735 1128 οὗ
761 1085 1027 1140 παρῃτήσατο.
1096 1095 1378 1142 Ψυχοστασίαν
1401 1093 1528 1134 Olea-

65 1150 147 1186 rius
172 1146 317 1184 vocari
350 1155 472 1198 putat
496 1145 576 1183 Od.
603 1149 661 1193 A,
695 1160 772 1198 qua
801 1144 952 1199 Clysses
972 1146 1138 1202 inferos,
1171 1148 1208 1185 ἦ.
1233 1166 1261 1186 e.
1287 1151 1526 1189 animorum

65 1203 337 1259 defunctorum
364 1200 480 1240 sedes
512 1201 651 1254 legitur
678 1201 894 1240 accessisse.
961 1202 1021 1240 Ut
1054 1218 1102 1240 eo
1143 1205 1335 1253 nomine,
1377 1219 1526 1259 quam·

65 1273 188 1312 quam
228 1272 421 1309 perraro,
464 1272 549 1295 non
581 1256 797 1295 abnuerim
839 1257 1037 1308 insigniri
1072 1257 1307 1311 Odysseam
1337 1268 1390 1303 A.
1429 1277 1526 1301 nam

65 1317 111 1354 in
131 1313 304 1354 Heroic.
335 1329 376 1366 p.
402 1318 498 1357 738.
534 1328 572 1351 v-
598 1319 658 1355 11.
700 1314 863 1365 δευτέρα
900 1318 1156 1366 Ψυχοστασία
1186 1320 1383 1357 volumen
1418 1319 1527 1357 ulti-

63 1386 175 1410 mum
209 1371 300 1408 sine
330 1369 620 1408 controversia
652 1380 803 1406 notans
833 1380 986 1422 sponte
1025 1372 1332 1425 cogitationem
1367 1376 1528 1414 excitat

63 1428 279 1480 προτέρας,
317 1440 423 1478 quae
445 1426 525 1463 alia
549 1425 717 1478 quidem
741 1440 828 1464 esse
860 1427 1029 1479 nequit,
1066 1442 1189 1479 quam
1215 1435 1266 1469 A.
1301 1441 1388 1469 tum
1411 1432 1527 1469 simi..

63 1484 118 1524 lis
139 1482 372 1536 argumenti
397 1496 494 1535 ergo
512 1514 523 1531 ,
557 1491 647 1520 tum
675 1481 726 1519 ob
752 1496 1013 1521 communem
1044 1484 1244 1523 ambabus
1266 1490 1427 1536 νεκυίας
1449 1502 1527 1540 ap-

64 1541 360 1594 pellationem:
393 1538 475 1576 huc
498 1548 635 1577 tamen
662 1538 910 1590 neutiquam
945 1539 1052 1577 illud
1088 1541 1377 1582 adhibendum
1408 1559 1525 1591 τεοῖς

67 1597 226 1649 quippe
248 1595 517 1633 manifestum
541 1604 615 1637 est,
652 1593 765 1632 nihil
784 1609 943 1640 eorum,
978 1609 1084 1647 quae
1102 1597 1366 1638 Philostratus
1388 1600 1528 1651 habet,

64 1653 101 1691 si
121 1662 330 1703 sceptrum
361 1665 532 1690 aureum
562 1652 798 1702 exceperis,
836 1651 882 1688 in
913 1651 1105 1702 Odyssea
1137 1663 1251 1701 tota,
1296 1656 1449 1694 nedum
1481 1656 1528 1694 in

64 1707 292 1747 undecimo
316 1707 532 1745 volumine
552 1711 643 1745 solo
674 1706 862 1757 reperiri.
926 1708 1153 1747 Intellexit
1184 1710 1377 1762 sophista
1397 1713 1530 1750 Lem-

65 1765 164 1802 nius
192 1763 457 1817 trogoediam
487 1762 679 1816 Aeschyli
716 1766 1018 1814 Ψυχοστασίαν,
1060 1764 1103 1801 in
1139 1779 1219 1818 qua
1253 1766 1446 1819 Jupiter,
1479 1778 1529 1807 ut

66 1830 163 1859 ante
188 1822 345 1858 fecerat
368 1819 542 1857 Homero
570 1820 744 1871 jubente
769 1819 895 1859 Iliad.
923 1826 980 1868 X,
1004 1825 1099 1862 209,
1140 1820 1314 1860 libratas
1342 1823 1528 1862 Achillis

63 1876 400 1926 Memnonisque
420 1875 576 1911 animas
599 1888 728 1927 aequa
749 1877 868 1914 lance
890 1876 1168 1928 expendebat,
1202 1877 1298 1916 dum
1322 1889 1530 1933 utraeque

66 1943 216 1970 matres
239 1931 476 1976 adstarent,
511 1940 551 1968 et
572 1945 648 1981 pro
672 1944 747 1967 suo
781 1944 969 1986 quaeque
1003 1932 1094 1970 filio
1124 1934 1451 1975 contenderent:
1485 1951 1526 1976 V.

65 1987 172 2028 Poll.
195 1988 277 2036 IV,
303 1992 393 2029 130·
429 1985 502 2023 Ubi
532 1987 730 2024 Similiter
765 1988 806 2027 ἐν
846 1992 1122 2044 Ψυχοστασίςι,
1154 1990 1348 2045 Aeschyli
1373 2006 1528 2032 nomen

66 2045 273 2091 reticens,
305 2042 502 2094 scripsit:
536 2041 876 2081 doctissimorum
908 2059 1005 2083 vero
1031 2046 1216 2084 Pollucis
1240 2057 1529 2088 enarratorum

67 2114 193 2153 opera
214 2101 391 2136 multum
413 2097 524 2137 cedit
545 2098 780 2137 industriae
794 2099 961 2153 Stanleji
977 2100 1026 2138 ad
1043 2100 1173 2141 Catal.
1187 2103 1333 2141 Fabul.
1353 2105 1529 2159 Aeschy-

67 2155 123 2207 li?
155 2170 209 2194 ex
235 2157 353 2206 cnjus
378 2153 523 2191 itidem
550 2154 706 2193 notatis
742 2155 868 2195 facile
893 2157 1054 2195 revinci
1077 2168 1219 2209 potest
1245 2159 1529 2213 incogitantia

71 2212 145 2250 Th.
178 2211 352 2250 Reium-ii
382 2211 430 2247 V.
457 2211 509 2247 L.
534 2212 590 2249 H.
628 2226 666 2264 p.
693 2215 781 2253 124.
824 2211 1108 2252 haesitatione
1143 2225 1413 2266 praepostera
1439 2231 1528 2256 non

67 2269 170 2306 satis
191 2269 233 2304 in
258 2266 474 2304 Addendis
491 2277 680 2319 purgata.
741 2268 831 2308 Jam
857 2269 950 2320 quis
970 2270 1102 2308 fuerit
1124 2270 1291 2308 Elinois
1317 2276 1527 2326 exemplo,

71 2338 193 2376 quem
217 2323 296 2361 etsi
317 2323 486 2374 Jupiter
522 2325 605 2375 juri
639 2322 824 2360 dicundo
846 2326 1096 2375 praefecerit
1126 2326 1170 2362 in
1204 2326 1374 2366 inferno
1406 2329 1525 2380 foro,

69 2380 158 2417 fato
188 2388 324 2417 tamen
357 2388 615 2433 naturaeque
648 2379 836 2416 debitum
865 2384 1026 2419 solvere
1064 2383 1226 2428 voluit,
1261 2382 1304 2420 in
1338 2383 1409 2422 illa
1440 2395 1532 2423 tra-

70 2434 220 2488 goedia
241 2439 384 2485 locus,
416 2438 546 2487 paulo
586 2434 757 2489 quidem
787 2437 984 2487 peritiori
1007 2437 1228 2477 obscurum
1259 2453 1346 2479 esse
1366 2441 1528 2497 nequit.

67 2491 248 2530 HEMST.

182 2580 284 2622 Εαιῖ,
303 2584 328 2622 1,
351 2587 388 2625 6.
424 2583 600 2631 Ποιναὶ)
632 2581 763 2635 Supra
788 2596 822 2620 c.
843 2586 883 2625 9.
915 2583 1080 2625 SOLAN.

183 2659 285 2698 md.
314 2656 566 2716 Ἀλάστορες)
599 2666 852 2714 Παλαμναῖοι
874 2665 1075 2714 δαίμονες,
1107 2663 1300 2706 vindices
1322 2670 1527 2708 scelerum

69 2715 205 2770 genii,
262 2719 420 2755 ultores
457 2718 777 2760 homicidarum.
846 2719 955 2759 Mali
987 2723 1104 2773 genii.
1147 2723 1316 2764 VonsT.
1384 2725 1527 2766 Aliter
