<?xml version="1.0" encoding="UTF-8"?>
<!DOCTYPE html PUBLIC "-//W3C//DTD XHTML 1.0 Transitional//EN"
    "http://www.w3.org/TR/xhtml1/DTD/xhtml1-transitional.dtd">
<html xmlns="http://www.w3.org/1999/xhtml" xml:lang="en" lang="en">
 <head>
  <title>
</title>
<meta http-equiv="Content-Type" content="text/html;charset=utf-8" />
  <meta name='ocr-system' content='tesseract 3.04.00' />
  <meta name='ocr-capabilities' content='ocr_page ocr_carea ocr_par ocr_line ocrx_word'/>
</head>
<body>
  <div class='ocr_page' id='page_1' title='image "./operagraeceetlat03luciuoft_0668.png"; bbox 0 0 1781 3174; ppageno 0'>
   <div class='ocr_carea' id='block_1_1' title="bbox 197 151 1305 198">
    <p class='ocr_par' dir='ltr' id='par_1_1' title="bbox 197 151 1305 198">
     <span class='ocr_line' id='line_1_1' title="bbox 197 151 1305 198; baseline -0.01 0"><span class='ocrx_word' id='word_1_1' title='bbox 197 151 295 198; x_wconf 78' lang='lat'><strong>630</strong></span> <span class='ocrx_word' id='word_1_2' title='bbox 546 155 1305 190; x_wconf 70' lang='lat' dir='ltr'><strong>ADNOTA&#39;ronEs</strong></span> 
     </span>
    </p>
   </div>
   <div class='ocr_carea' id='block_1_2' title="bbox 198 252 1678 1118">
    <p class='ocr_par' dir='ltr' id='par_1_2' title="bbox 198 252 1678 1102">
     <span class='ocr_line' id='line_1_2' title="bbox 198 252 1661 312; baseline -0.003 -11"><span class='ocrx_word' id='word_1_3' title='bbox 198 262 295 301; x_wconf 71' lang='lat' dir='ltr'><strong>cleri.</strong></span> <span class='ocrx_word' id='word_1_4' title='bbox 355 257 476 312; x_wconf 84' lang='lat' dir='ltr'><strong>Quae</strong></span> <span class='ocrx_word' id='word_1_5' title='bbox 498 252 668 311; x_wconf 88' lang='lat' dir='ltr'><strong>quidem</strong></span> <span class='ocrx_word' id='word_1_6' title='bbox 697 254 956 294; x_wconf 86' lang='lat' dir='ltr'><strong>alienissima</strong></span> <span class='ocrx_word' id='word_1_7' title='bbox 986 264 1086 294; x_wconf 86' lang='lat' dir='ltr'><strong>sunt</strong></span> <span class='ocrx_word' id='word_1_8' title='bbox 1107 254 1157 294; x_wconf 86' lang='lat' dir='ltr'><strong>ab</strong></span> <span class='ocrx_word' id='word_1_9' title='bbox 1191 256 1299 306; x_wconf 82' lang='lat' dir='ltr'><strong>illis,</strong></span> <span class='ocrx_word' id='word_1_10' title='bbox 1334 270 1441 310; x_wconf 84' lang='lat' dir='ltr'><strong>quae</strong></span> <span class='ocrx_word' id='word_1_11' title='bbox 1465 255 1525 295; x_wconf 88' lang='lat' dir='ltr'><strong>ibi</strong></span> <span class='ocrx_word' id='word_1_12' title='bbox 1556 258 1661 296; x_wconf 85' lang='lat' dir='ltr'><strong>scri-</strong></span> 
     </span>
     <span class='ocr_line' id='line_1_3' title="bbox 198 312 1663 367; baseline -0.003 -10"><span class='ocrx_word' id='word_1_13' title='bbox 198 315 264 357; x_wconf 83' lang='lat' dir='ltr'><strong>bit</strong></span> <span class='ocrx_word' id='word_1_14' title='bbox 281 315 500 356; x_wconf 76' lang='lat' dir='ltr'><strong>Lucianus.</strong></span> <span class='ocrx_word' id='word_1_15' title='bbox 560 312 769 362; x_wconf 81' lang='lat' dir='ltr'><strong>Adverte‚</strong></span> <span class='ocrx_word' id='word_1_16' title='bbox 801 314 958 367; x_wconf 86' lang='lat' dir='ltr'><strong>lector,</strong></span> <span class='ocrx_word' id='word_1_17' title='bbox 991 322 1033 351; x_wconf 89' lang='lat' dir='ltr'><strong>et</strong></span> <span class='ocrx_word' id='word_1_18' title='bbox 1054 312 1234 363; x_wconf 88' lang='lat' dir='ltr'><strong>videbis,</strong></span> <span class='ocrx_word' id='word_1_19' title='bbox 1268 313 1438 352; x_wconf 89' lang='lat' dir='ltr'><strong>verbum</strong></span> <span class='ocrx_word' id='word_1_20' title='bbox 1462 314 1663 352; x_wconf 86' lang='lat' dir='ltr'><strong>substan-</strong></span> 
     </span>
     <span class='ocr_line' id='line_1_4' title="bbox 201 366 1663 424; baseline -0.001 -11"><span class='ocrx_word' id='word_1_21' title='bbox 201 375 336 414; x_wconf 86' lang='lat' dir='ltr'><strong>tivum</strong></span> <span class='ocrx_word' id='word_1_22' title='bbox 354 373 401 410; x_wconf 89' lang='lat' dir='ltr'><strong>in</strong></span> <span class='ocrx_word' id='word_1_23' title='bbox 424 371 510 409; x_wconf 88' lang='lat' dir='ltr'><strong>illis</strong></span> <span class='ocrx_word' id='word_1_24' title='bbox 540 369 764 423; x_wconf 85' lang='lat' dir='ltr'>postremis</span> <span class='ocrx_word' id='word_1_25' title='bbox 789 369 855 410; x_wconf 83' lang='grc' dir='ltr'><strong>καὶ</strong></span> <span class='ocrx_word' id='word_1_26' title='bbox 887 368 943 409; x_wconf 81' lang='grc' dir='ltr'><strong>ὠν</strong></span> <span class='ocrx_word' id='word_1_27' title='bbox 966 370 1007 410; x_wconf 81' lang='grc' dir='ltr'><strong>εὐ</strong></span> <span class='ocrx_word' id='word_1_28' title='bbox 1036 366 1234 423; x_wconf 78' lang='grc' dir='ltr'><em>πάσχουσι</em></span> <span class='ocrx_word' id='word_1_29' title='bbox 1261 387 1412 411; x_wconf 84' lang='grc' dir='ltr'><em>τουτων</em></span> <span class='ocrx_word' id='word_1_30' title='bbox 1438 368 1663 424; x_wconf 78' lang='grc' dir='ltr'><strong><em>λαμβάνειν,</em></strong></span> 
     </span>
     <span class='ocr_line' id='line_1_5' title="bbox 203 424 1663 492; baseline -0.005 -19"><span class='ocrx_word' id='word_1_31' title='bbox 203 426 280 473; x_wconf 72' lang='grc' dir='ltr'><strong>οὐκ</strong></span> <span class='ocrx_word' id='word_1_32' title='bbox 297 427 429 484; x_wconf 78' lang='grc' dir='ltr'><em>ὀλίγον</em></span> <span class='ocrx_word' id='word_1_33' title='bbox 448 428 567 474; x_wconf 78' lang='grc' dir='ltr'><em>ἐστὶν,</em></span> <span class='ocrx_word' id='word_1_34' title='bbox 599 425 665 480; x_wconf 84' lang='lat' dir='ltr'><strong>(ut</strong></span> <span class='ocrx_word' id='word_1_35' title='bbox 692 424 863 478; x_wconf 87' lang='lat' dir='ltr'><strong>quidem</strong></span> <span class='ocrx_word' id='word_1_36' title='bbox 885 424 1113 492; x_wconf 84' lang='lat' dir='ltr'><strong>distinguit</strong></span> <span class='ocrx_word' id='word_1_37' title='bbox 1135 426 1237 467; x_wconf 85' lang='lat' dir='ltr'><strong>edit</strong></span> <span class='ocrx_word' id='word_1_38' title='bbox 1249 428 1373 466; x_wconf 86' lang='lat' dir='ltr'><strong>Salm.</strong></span> <span class='ocrx_word' id='word_1_39' title='bbox 1395 437 1437 466; x_wconf 89' lang='lat' dir='ltr'><strong>et</strong></span> <span class='ocrx_word' id='word_1_40' title='bbox 1456 428 1548 467; x_wconf 81' lang='lat' dir='ltr'><strong>Par.</strong></span> <span class='ocrx_word' id='word_1_41' title='bbox 1569 442 1663 466; x_wconf 83' lang='lat' dir='ltr'><strong>curn</strong></span> 
     </span>
     <span class='ocr_line' id='line_1_6' title="bbox 201 480 1662 537; baseline -0.003 -9"><span class='ocrx_word' id='word_1_42' title='bbox 201 488 298 528; x_wconf 80' lang='lat' dir='ltr'><strong>Bas.</strong></span> <span class='ocrx_word' id='word_1_43' title='bbox 335 485 402 527; x_wconf 82' lang='grc' dir='ltr'><strong>καὶ</strong></span> <span class='ocrx_word' id='word_1_44' title='bbox 435 483 490 524; x_wconf 80' lang='grc' dir='ltr'><strong>ὠν</strong></span> <span class='ocrx_word' id='word_1_45' title='bbox 519 484 561 524; x_wconf 81' lang='grc' dir='ltr'><strong>εὐ</strong></span> <span class='ocrx_word' id='word_1_46' title='bbox 586 481 804 534; x_wconf 82' lang='grc' dir='ltr'><em>πάσχουσι,</em></span> <span class='ocrx_word' id='word_1_47' title='bbox 839 480 991 523; x_wconf 81' lang='grc' dir='ltr'><em>τούτων</em></span> <span class='ocrx_word' id='word_1_48' title='bbox 1021 481 1242 535; x_wconf 76' lang='grc' dir='ltr'><em>λαμβάνειν</em></span> <span class='ocrx_word' id='word_1_49' title='bbox 1277 482 1351 524; x_wconf 79' lang='grc' dir='ltr'><strong>οὐκ</strong></span> <span class='ocrx_word' id='word_1_50' title='bbox 1383 481 1517 537; x_wconf 79' lang='grc' dir='ltr'><em>ὀλίγον</em></span> <span class='ocrx_word' id='word_1_51' title='bbox 1545 485 1662 532; x_wconf 79' lang='grc' dir='ltr'><em>ἐστὶν,</em></span> 
     </span>
     <span class='ocr_line' id='line_1_7' title="bbox 204 538 1666 593; baseline -0.002 -11"><span class='ocrx_word' id='word_1_52' title='bbox 204 556 351 584; x_wconf 89' lang='lat' dir='ltr'><strong>omnes</strong></span> <span class='ocrx_word' id='word_1_53' title='bbox 375 539 667 592; x_wconf 85' lang='lat' dir='ltr'><strong>ineptissime)</strong></span> <span class='ocrx_word' id='word_1_54' title='bbox 693 538 883 577; x_wconf 85' lang='lat' dir='ltr'><strong>abscindi</strong></span> <span class='ocrx_word' id='word_1_55' title='bbox 908 538 1058 578; x_wconf 87' lang='lat' dir='ltr'><strong>debere</strong></span> <span class='ocrx_word' id='word_1_56' title='bbox 1080 539 1129 578; x_wconf 83' lang='lat' dir='ltr'><strong>ab</strong></span> <span class='ocrx_word' id='word_1_57' title='bbox 1151 538 1526 593; x_wconf 79' lang='lat' dir='ltr'><strong>praecedentibus,</strong></span> <span class='ocrx_word' id='word_1_58' title='bbox 1559 550 1600 579; x_wconf 83' lang='lat' dir='ltr'><strong>et</strong></span> <span class='ocrx_word' id='word_1_59' title='bbox 1619 541 1666 579; x_wconf 86' lang='lat' dir='ltr'><strong>in</strong></span> 
     </span>
     <span class='ocr_line' id='line_1_8' title="bbox 205 593 1670 646; baseline -0.001 -10"><span class='ocrx_word' id='word_1_60' title='bbox 205 597 528 638; x_wconf 85' lang='lat' dir='ltr'><strong>constructione</strong></span> <span class='ocrx_word' id='word_1_61' title='bbox 545 594 831 633; x_wconf 82' lang='lat' dir='ltr'><strong>revocandum</strong></span> <span class='ocrx_word' id='word_1_62' title='bbox 853 593 936 633; x_wconf 86' lang='lat' dir='ltr'><strong>ad</strong></span> <span class='ocrx_word' id='word_1_63' title='bbox 926 609 1062 646; x_wconf 78' lang='lat' dir='ltr'><strong>ipsum</strong></span> <span class='ocrx_word' id='word_1_64' title='bbox 1085 606 1275 634; x_wconf 88' lang='lat' dir='ltr'><strong>nostrum</strong></span> <span class='ocrx_word' id='word_1_65' title='bbox 1300 595 1382 644; x_wconf 83' lang='grc' dir='ltr'><em>οἱς,</em></span> <span class='ocrx_word' id='word_1_66' title='bbox 1417 606 1465 635; x_wconf 92' lang='lat' dir='ltr'><strong>ut</strong></span> <span class='ocrx_word' id='word_1_67' title='bbox 1486 596 1670 634; x_wconf 83' lang='lat' dir='ltr'><strong>adnota-</strong></span> 
     </span>
     <span class='ocr_line' id='line_1_9' title="bbox 204 651 1670 707; baseline -0.001 -14"><span class='ocrx_word' id='word_1_68' title='bbox 204 656 270 694; x_wconf 88' lang='lat' dir='ltr'><strong>vit</strong></span> <span class='ocrx_word' id='word_1_69' title='bbox 290 664 422 706; x_wconf 75' lang='lat' dir='ltr'><strong>pater,</strong></span> <span class='ocrx_word' id='word_1_70' title='bbox 480 651 663 692; x_wconf 82' lang='lat' dir='ltr'><strong>Videtur</strong></span> <span class='ocrx_word' id='word_1_71' title='bbox 684 665 784 691; x_wconf 88' lang='lat' dir='ltr'><strong>sane</strong></span> <span class='ocrx_word' id='word_1_72' title='bbox 806 651 848 689; x_wconf 85' lang='lat' dir='ltr'><strong>id</strong></span> <span class='ocrx_word' id='word_1_73' title='bbox 872 651 1010 704; x_wconf 89' lang='lat' dir='ltr'><strong>ipsum</strong></span> <span class='ocrx_word' id='word_1_74' title='bbox 1032 653 1263 704; x_wconf 83' lang='lat' dir='ltr'><strong>exprimere</strong></span> <span class='ocrx_word' id='word_1_75' title='bbox 1287 653 1542 693; x_wconf 71' lang='lat' dir='ltr'><strong>Benerlicrus:</strong></span> <span class='ocrx_word' id='word_1_76' title='bbox 1574 656 1670 707; x_wconf 79' lang='lat' dir='ltr'><strong>qui-</strong></span> 
     </span>
     <span class='ocr_line' id='line_1_10' title="bbox 206 707 1672 763; baseline -0.003 -12"><span class='ocrx_word' id='word_1_77' title='bbox 206 712 277 751; x_wconf 79' lang='lat' dir='ltr'><strong>bus</strong></span> <span class='ocrx_word' id='word_1_78' title='bbox 298 726 386 750; x_wconf 86' lang='lat' dir='ltr'><strong>cum</strong></span> <span class='ocrx_word' id='word_1_79' title='bbox 403 724 459 759; x_wconf 84' lang='lat' dir='ltr'><strong>eo,</strong></span> <span class='ocrx_word' id='word_1_80' title='bbox 481 707 586 763; x_wconf 74' lang='lat' dir='ltr'><strong>quocl</strong></span> <span class='ocrx_word' id='word_1_81' title='bbox 606 717 685 746; x_wconf 87' lang='lat' dir='ltr'><strong>etc.</strong></span> <span class='ocrx_word' id='word_1_82' title='bbox 707 711 1053 761; x_wconf 74' lang='lat' dir='ltr'><strong>peregrinarentur,</strong></span> <span class='ocrx_word' id='word_1_83' title='bbox 1087 725 1163 748; x_wconf 83' lang='lat' dir='ltr'><strong>non</strong></span> <span class='ocrx_word' id='word_1_84' title='bbox 1183 711 1298 762; x_wconf 79' lang='lat' dir='ltr'><strong>parvi</strong></span> <span class='ocrx_word' id='word_1_85' title='bbox 1316 721 1408 747; x_wconf 78' lang='lat' dir='ltr'><strong>esset</strong></span> <span class='ocrx_word' id='word_1_86' title='bbox 1426 709 1672 748; x_wconf 76' lang='lat' dir='ltr'><strong>emolumenti</strong></span> 
     </span>
     <span class='ocr_line' id='line_1_11' title="bbox 205 764 1671 827; baseline -0.001 -20"><span class='ocrx_word' id='word_1_87' title='bbox 205 767 416 807; x_wconf 76' lang='lat' dir='ltr'><strong>mercedem</strong></span> <span class='ocrx_word' id='word_1_88' title='bbox 437 767 633 805; x_wconf 74' lang='lat' dir='ltr'><strong>amicitiae</strong></span> <span class='ocrx_word' id='word_1_89' title='bbox 655 774 689 802; x_wconf 79' lang='lat' dir='ltr'><strong>et</strong></span> <span class='ocrx_word' id='word_1_90' title='bbox 715 764 1005 827; x_wconf 69' lang='lat' dir='ltr'><strong>benefactorum</strong></span> <span class='ocrx_word' id='word_1_91' title='bbox 1029 767 1189 804; x_wconf 78' lang='lat' dir='ltr'><strong>istorum</strong></span> <span class='ocrx_word' id='word_1_92' title='bbox 1215 768 1411 818; x_wconf 82' lang='lat' dir='ltr'><strong>accipere,·</strong></span> <span class='ocrx_word' id='word_1_93' title='bbox 1442 765 1569 804; x_wconf 88' lang='lat' dir='ltr'><strong>modo</strong></span> <span class='ocrx_word' id='word_1_94' title='bbox 1597 767 1671 805; x_wconf 85' lang='lat' dir='ltr'><strong>ille</strong></span> 
     </span>
     <span class='ocr_line' id='line_1_12' title="bbox 207 821 1671 887; baseline -0.001 -25"><span class='ocrx_word' id='word_1_95' title='bbox 207 827 276 863; x_wconf 87' lang='lat' dir='ltr'><strong>vel</strong></span> <span class='ocrx_word' id='word_1_96' title='bbox 305 823 519 887; x_wconf 84' lang='lat' dir='ltr'><strong>propriam</strong></span> <span class='ocrx_word' id='word_1_97' title='bbox 555 821 947 884; x_wconf 83' lang='lat' dir='ltr'><strong>interpretationem</strong></span> <span class='ocrx_word' id='word_1_98' title='bbox 980 831 1091 861; x_wconf 84' lang='lat' dir='ltr'><strong>recte</strong></span> <span class='ocrx_word' id='word_1_99' title='bbox 1114 821 1398 872; x_wconf 72' lang='lat' dir='ltr'><strong>intellexerit,</strong></span> <span class='ocrx_word' id='word_1_100' title='bbox 1430 831 1472 861; x_wconf 85' lang='lat' dir='ltr'><strong>et</strong></span> <span class='ocrx_word' id='word_1_101' title='bbox 1505 822 1548 862; x_wconf 81' lang='grc' dir='ltr'><strong>τὸ</strong></span> <span class='ocrx_word' id='word_1_102' title='bbox 1577 832 1671 860; x_wconf 82' lang='lat' dir='ltr'><strong>esset</strong></span> 
     </span>
     <span class='ocr_line' id='line_1_13' title="bbox 208 876 1674 945; baseline -0.001 -26"><span class='ocrx_word' id='word_1_103' title='bbox 208 880 418 932; x_wconf 83' lang='lat' dir='ltr'><strong>acceperit</strong></span> <span class='ocrx_word' id='word_1_104' title='bbox 438 892 516 932; x_wconf 87' lang='lat' dir='ltr'><strong>pro</strong></span> <span class='ocrx_word' id='word_1_105' title='bbox 539 877 680 918; x_wconf 82' lang='lat' dir='ltr'><strong>liceret.</strong></span> <span class='ocrx_word' id='word_1_106' title='bbox 741 877 813 916; x_wconf 89' lang='lat' dir='ltr'><strong>Sic</strong></span> <span class='ocrx_word' id='word_1_107' title='bbox 833 878 945 916; x_wconf 87' lang='lat' dir='ltr'><strong>enim</strong></span> <span class='ocrx_word' id='word_1_108' title='bbox 969 876 1275 931; x_wconf 83' lang='lat' dir='ltr'><strong>distinguenda</strong></span> <span class='ocrx_word' id='word_1_109' title='bbox 1298 878 1392 927; x_wconf 86' lang='lat' dir='ltr'><strong>illa,</strong></span> <span class='ocrx_word' id='word_1_110' title='bbox 1426 879 1584 945; x_wconf 77' lang='grc' dir='ltr'><em>προςέτι</em></span> <span class='ocrx_word' id='word_1_111' title='bbox 1607 879 1674 919; x_wconf 81' lang='grc' dir='ltr'><strong>καὶ</strong></span> 
     </span>
     <span class='ocr_line' id='line_1_14' title="bbox 208 930 1674 990; baseline 0 -14"><span class='ocrx_word' id='word_1_112' title='bbox 208 934 357 990; x_wconf 74' lang='grc' dir='ltr'><em>μισθὸν</em></span> <span class='ocrx_word' id='word_1_113' title='bbox 375 939 446 988; x_wconf 78' lang='grc' dir='ltr'><strong>τῆς</strong></span> <span class='ocrx_word' id='word_1_114' title='bbox 472 937 608 988; x_wconf 79' lang='grc' dir='ltr'><em>φιλίας</em></span> <span class='ocrx_word' id='word_1_115' title='bbox 629 935 691 975; x_wconf 82' lang='grc' dir='ltr'><strong>καὶ</strong></span> <span class='ocrx_word' id='word_1_116' title='bbox 718 933 773 974; x_wconf 81' lang='grc' dir='ltr'><strong>ὠν</strong></span> <span class='ocrx_word' id='word_1_117' title='bbox 794 935 835 975; x_wconf 80' lang='grc' dir='ltr'><strong>εὐ</strong></span> <span class='ocrx_word' id='word_1_118' title='bbox 859 933 1060 986; x_wconf 75' lang='grc' dir='ltr'><em>πάσχουσι</em></span> <span class='ocrx_word' id='word_1_119' title='bbox 1079 932 1231 974; x_wconf 79' lang='grc' dir='ltr'><em>τούτων</em></span> <span class='ocrx_word' id='word_1_120' title='bbox 1251 933 1469 987; x_wconf 73' lang='grc' dir='ltr'><em>λαμβάνειν</em></span> <span class='ocrx_word' id='word_1_121' title='bbox 1490 930 1565 976; x_wconf 75' lang='grc' dir='ltr'><strong>οὐκ</strong></span> <span class='ocrx_word' id='word_1_122' title='bbox 1587 931 1674 976; x_wconf 81' lang='grc' dir='ltr'><em>ὀλί-</em></span> 
     </span>
     <span class='ocr_line' id='line_1_15' title="bbox 207 988 1678 1048; baseline -0.001 -13"><span class='ocrx_word' id='word_1_123' title='bbox 207 1010 304 1048; x_wconf 86' lang='grc' dir='ltr'><em>γον,</em></span> <span class='ocrx_word' id='word_1_124' title='bbox 336 994 453 1034; x_wconf 76' lang='grc' dir='ltr'><em>ἐστίν.</em></span> <span class='ocrx_word' id='word_1_125' title='bbox 513 990 604 1029; x_wconf 90' lang='lat' dir='ltr'><strong>Ut</strong></span> <span class='ocrx_word' id='word_1_126' title='bbox 594 1005 638 1028; x_wconf 84' lang='lat' dir='ltr'><strong>m</strong></span> <span class='ocrx_word' id='word_1_127' title='bbox 660 991 864 1030; x_wconf 83' lang='lat' dir='ltr'><strong>Mercede</strong></span> <span class='ocrx_word' id='word_1_128' title='bbox 893 989 1018 1030; x_wconf 87' lang='lat' dir='ltr'><strong>cond.</strong></span> <span class='ocrx_word' id='word_1_129' title='bbox 1042 989 1192 1045; x_wconf 75' lang='grc' dir='ltr'><em>μισθὸν</em></span> <span class='ocrx_word' id='word_1_130' title='bbox 1213 988 1288 1033; x_wconf 75' lang='grc' dir='ltr'><strong>οὐκ</strong></span> <span class='ocrx_word' id='word_1_131' title='bbox 1311 989 1444 1046; x_wconf 81' lang='grc' dir='ltr'><em>ὀλίγον</em></span> <span class='ocrx_word' id='word_1_132' title='bbox 1461 995 1533 1044; x_wconf 82' lang='grc' dir='ltr'><strong>τῆς</strong></span> <span class='ocrx_word' id='word_1_133' title='bbox 1551 1008 1678 1046; x_wconf 70' lang='grc' dir='ltr'><em>αγγε-</em></span> 
     </span>
     <span class='ocr_line' id='line_1_16' title="bbox 210 1044 743 1118; baseline -0.015 -27"><span class='ocrx_word' id='word_1_134' title='bbox 210 1051 297 1098; x_wconf 63' lang='lat' dir='ltr'><strong>Mag</strong></span> <span class='ocrx_word' id='word_1_135' title='bbox 318 1044 565 1118; x_wconf 74' lang='grc' dir='ltr'><em>προςλαβών.</em></span> <span class='ocrx_word' id='word_1_136' title='bbox 600 1046 743 1088; x_wconf 77' lang='lat' dir='ltr'><strong>GRON,</strong></span> 
     </span>
    </p>
   </div>
   <div class='ocr_carea' id='block_1_3' title="bbox 211 1099 1679 1216">
    <p class='ocr_par' dir='ltr' id='par_1_3' title="bbox 211 1099 1679 1216">
     <span class='ocr_line' id='line_1_17' title="bbox 321 1099 1679 1160; baseline 0 -16"><span class='ocrx_word' id='word_1_137' title='bbox 321 1105 421 1144; x_wconf 71' lang='grc' dir='ltr'><strong>Εαιί.</strong></span> <span class='ocrx_word' id='word_1_138' title='bbox 442 1107 469 1143; x_wconf 93' lang='lat' dir='ltr'><strong>l.</strong></span> <span class='ocrx_word' id='word_1_139' title='bbox 485 1107 524 1148; x_wconf 90' lang='lat'><strong>5.</strong></span> <span class='ocrx_word' id='word_1_140' title='bbox 550 1102 641 1144; x_wconf 81' lang='grc' dir='ltr'><strong>Ἐπὶ</strong></span> <span class='ocrx_word' id='word_1_141' title='bbox 660 1107 804 1145; x_wconf 80' lang='grc' dir='ltr'><em>λευκου</em></span> <span class='ocrx_word' id='word_1_142' title='bbox 823 1099 1002 1158; x_wconf 78' lang='grc' dir='ltr'><em>ζευγους)</em></span> <span class='ocrx_word' id='word_1_143' title='bbox 1035 1100 1198 1146; x_wconf 80' lang='grc' dir='ltr'><em>Λευκὸν</em></span> <span class='ocrx_word' id='word_1_144' title='bbox 1219 1106 1359 1160; x_wconf 79' lang='grc' dir='ltr'><em>ζεῦγος</em></span> <span class='ocrx_word' id='word_1_145' title='bbox 1378 1114 1504 1144; x_wconf 83' lang='lat' dir='ltr'><strong>vocat</strong></span> <span class='ocrx_word' id='word_1_146' title='bbox 1523 1121 1679 1145; x_wconf 82' lang='lat' dir='ltr'><strong>currum</strong></span> 
     </span>
     <span class='ocr_line' id='line_1_18' title="bbox 211 1160 899 1216; baseline -0.004 -14"><span class='ocrx_word' id='word_1_147' title='bbox 211 1160 395 1203; x_wconf 74' lang='lat' dir='ltr'><strong>candidis</strong></span> <span class='ocrx_word' id='word_1_148' title='bbox 416 1163 522 1216; x_wconf 81' lang='lat' dir='ltr'><strong>equis</strong></span> <span class='ocrx_word' id='word_1_149' title='bbox 542 1171 723 1200; x_wconf 76' lang='lat' dir='ltr'><strong>tractum.</strong></span> <span class='ocrx_word' id='word_1_150' title='bbox 756 1161 899 1200; x_wconf 76' lang='lat' dir='ltr'><strong>BROD.</strong></span> 
     </span>
    </p>
   </div>
   <div class='ocr_carea' id='block_1_4' title="bbox 212 1214 1686 1734">
    <p class='ocr_par' dir='ltr' id='par_1_4' title="bbox 213 1214 1679 1382">
     <span class='ocr_line' id='line_1_19' title="bbox 324 1214 1679 1268; baseline -0.001 -11"><span class='ocrx_word' id='word_1_151' title='bbox 324 1218 428 1258; x_wconf 65' lang='lat' dir='ltr'><strong>Earl.</strong></span> <span class='ocrx_word' id='word_1_152' title='bbox 453 1221 477 1259; x_wconf 81' lang='grc' dir='ltr'><strong>Ι.</strong></span> <span class='ocrx_word' id='word_1_153' title='bbox 501 1222 541 1260; x_wconf 87' lang='grc'><strong>7.</strong></span> <span class='ocrx_word' id='word_1_154' title='bbox 578 1214 736 1268; x_wconf 79' lang='grc' dir='ltr'><em>Ἐστὶν)</em></span> <span class='ocrx_word' id='word_1_155' title='bbox 768 1215 980 1256; x_wconf 80' lang='lat' dir='ltr'><strong>Se1vanda</strong></span> <span class='ocrx_word' id='word_1_156' title='bbox 1014 1217 1191 1256; x_wconf 89' lang='lat' dir='ltr'><strong>omnino</strong></span> <span class='ocrx_word' id='word_1_157' title='bbox 1218 1215 1323 1256; x_wconf 86' lang='lat' dir='ltr'><strong>haec</strong></span> <span class='ocrx_word' id='word_1_158' title='bbox 1355 1230 1465 1266; x_wconf 83' lang='lat' dir='ltr'><strong>vox,</strong></span> <span class='ocrx_word' id='word_1_159' title='bbox 1499 1227 1541 1257; x_wconf 87' lang='lat' dir='ltr'><strong>et</strong></span> <span class='ocrx_word' id='word_1_160' title='bbox 1576 1232 1679 1256; x_wconf 79' lang='lat' dir='ltr'><strong>ver-</strong></span> 
     </span>
     <span class='ocr_line' id='line_1_20' title="bbox 213 1270 1684 1328; baseline -0.001 -14"><span class='ocrx_word' id='word_1_161' title='bbox 213 1272 363 1325; x_wconf 81' lang='lat' dir='ltr'><strong>tenda,</strong></span> <span class='ocrx_word' id='word_1_162' title='bbox 395 1274 500 1315; x_wconf 78' lang='lat' dir='ltr'><strong>licet.</strong></span> <span class='ocrx_word' id='word_1_163' title='bbox 542 1273 711 1312; x_wconf 82' lang='lat' dir='ltr'><strong>SOLAN.</strong></span> <span class='ocrx_word' id='word_1_164' title='bbox 770 1274 861 1312; x_wconf 88' lang='lat' dir='ltr'><strong>Imo</strong></span> <span class='ocrx_word' id='word_1_165' title='bbox 894 1274 930 1311; x_wconf 92' lang='lat' dir='ltr'><strong>si</strong></span> <span class='ocrx_word' id='word_1_166' title='bbox 964 1289 1123 1313; x_wconf 87' lang='lat' dir='ltr'><strong>comma</strong></span> <span class='ocrx_word' id='word_1_167' title='bbox 1155 1284 1254 1327; x_wconf 90' lang='lat' dir='ltr'><strong>post</strong></span> <span class='ocrx_word' id='word_1_168' title='bbox 1281 1270 1496 1328; x_wconf 83' lang='grc' dir='ltr'><em>λαμβάνειν</em></span> <span class='ocrx_word' id='word_1_169' title='bbox 1529 1273 1684 1323; x_wconf 83' lang='lat' dir='ltr'><strong>deleas,</strong></span> 
     </span>
     <span class='ocr_line' id='line_1_21' title="bbox 213 1330 1347 1382; baseline 0 -11"><span class='ocrx_word' id='word_1_170' title='bbox 213 1340 257 1371; x_wconf 85' lang='lat' dir='ltr'><strong>et</strong></span> <span class='ocrx_word' id='word_1_171' title='bbox 274 1340 373 1369; x_wconf 86' lang='lat' dir='ltr'><strong>ante</strong></span> <span class='ocrx_word' id='word_1_172' title='bbox 392 1332 493 1371; x_wconf 79' lang='grc' dir='ltr'><em>ἐστὶν</em></span> <span class='ocrx_word' id='word_1_173' title='bbox 516 1344 719 1382; x_wconf 86' lang='lat' dir='ltr'><strong>reponas,</strong></span> <span class='ocrx_word' id='word_1_174' title='bbox 753 1339 801 1368; x_wconf 82' lang='lat' dir='ltr'><strong>ut</strong></span> <span class='ocrx_word' id='word_1_175' title='bbox 824 1331 929 1369; x_wconf 80' lang='lat' dir='ltr'><strong>facit</strong></span> <span class='ocrx_word' id='word_1_176' title='bbox 952 1330 1133 1371; x_wconf 72' lang='lat' dir='ltr'><strong>Solanus.</strong></span> <span class='ocrx_word' id='word_1_177' title='bbox 1186 1332 1347 1371; x_wconf 74' lang='grc' dir='ltr'><strong>ΡιΕΙτΖ.</strong></span> 
     </span>
    </p>

    <p class='ocr_par' dir='ltr' id='par_1_5' title="bbox 212 1384 1686 1654">
     <span class='ocr_line' id='line_1_22' title="bbox 329 1384 1685 1440; baseline -0.003 -13"><span class='ocrx_word' id='word_1_178' title='bbox 329 1386 434 1427; x_wconf 69' lang='lat' dir='ltr'><strong>Ibicl.</strong></span> <span class='ocrx_word' id='word_1_179' title='bbox 461 1385 684 1439; x_wconf 77' lang='grc' dir='ltr'><em>Ἀτεχνως)</em></span> <span class='ocrx_word' id='word_1_180' title='bbox 717 1385 787 1424; x_wconf 84' lang='lat' dir='ltr'><strong>Sic</strong></span> <span class='ocrx_word' id='word_1_181' title='bbox 810 1400 935 1439; x_wconf 85' lang='lat' dir='ltr'><strong>supra</strong></span> <span class='ocrx_word' id='word_1_182' title='bbox 958 1387 1048 1426; x_wconf 78' lang='lat' dir='ltr'><strong>Vir.</strong></span> <span class='ocrx_word' id='word_1_183' title='bbox 1071 1396 1182 1426; x_wconf 82' lang='lat' dir='ltr'><strong>auct.</strong></span> <span class='ocrx_word' id='word_1_184' title='bbox 1207 1401 1240 1424; x_wconf 91' lang='lat' dir='ltr'><strong>c.</strong></span> <span class='ocrx_word' id='word_1_185' title='bbox 1267 1392 1333 1429; x_wconf 87' lang='lat'><strong>10.</strong></span> <span class='ocrx_word' id='word_1_186' title='bbox 1355 1384 1523 1440; x_wconf 71' lang='grc' dir='ltr'><em>ἀτεχνῶς</em></span> <span class='ocrx_word' id='word_1_187' title='bbox 1543 1384 1685 1438; x_wconf 84' lang='grc' dir='ltr'><em>όμοιον</em></span> 
     </span>
     <span class='ocr_line' id='line_1_23' title="bbox 212 1442 1682 1510; baseline -0.005 -23"><span class='ocrx_word' id='word_1_188' title='bbox 212 1444 559 1497; x_wconf 68' lang='lat' dir='ltr'><strong>mvvt&#39;.A1·istop1⁷.z</strong></span> <span class='ocrx_word' id='word_1_189' title='bbox 583 1443 694 1483; x_wconf 79' lang='lat' dir='ltr'><strong>Plut.</strong></span> <span class='ocrx_word' id='word_1_190' title='bbox 718 1446 810 1484; x_wconf 87' lang='grc'>109.</span> <span class='ocrx_word' id='word_1_191' title='bbox 832 1453 874 1481; x_wconf 84' lang='lat' dir='ltr'><strong>et</strong></span> <span class='ocrx_word' id='word_1_192' title='bbox 893 1448 989 1486; x_wconf 78' lang='lat'><strong>362.</strong></span> <span class='ocrx_word' id='word_1_193' title='bbox 1021 1442 1120 1480; x_wconf 88' lang='lat' dir='ltr'><strong>Vid.</strong></span> <span class='ocrx_word' id='word_1_194' title='bbox 1142 1442 1352 1481; x_wconf 73' lang='lat' dir='ltr'><strong>Scholiast.</strong></span> <span class='ocrx_word' id='word_1_195' title='bbox 1378 1455 1418 1482; x_wconf 90' lang='lat' dir='ltr'><strong>et</strong></span> <span class='ocrx_word' id='word_1_196' title='bbox 1442 1444 1585 1510; x_wconf 78' lang='lat' dir='ltr'><strong>S&#39;panlz</strong></span> <span class='ocrx_word' id='word_1_197' title='bbox 1608 1443 1682 1494; x_wconf 87' lang='lat' dir='ltr'><strong>qui</strong></span> 
     </span>
     <span class='ocr_line' id='line_1_24' title="bbox 215 1495 1686 1553; baseline 0 -14"><span class='ocrx_word' id='word_1_198' title='bbox 215 1501 386 1549; x_wconf 83' lang='lat' dir='ltr'><strong>docent,</strong></span> <span class='ocrx_word' id='word_1_199' title='bbox 416 1513 497 1553; x_wconf 86' lang='lat' dir='ltr'><strong>qua</strong></span> <span class='ocrx_word' id='word_1_200' title='bbox 516 1499 680 1537; x_wconf 84' lang='lat' dir='ltr'><strong>ratione</strong></span> <span class='ocrx_word' id='word_1_201' title='bbox 699 1516 868 1552; x_wconf 74' lang='grc' dir='ltr'><em>ατεχνως</em></span> <span class='ocrx_word' id='word_1_202' title='bbox 896 1499 1125 1552; x_wconf 81' lang='lat' dir='ltr'><strong>significet,</strong></span> <span class='ocrx_word' id='word_1_203' title='bbox 1158 1514 1253 1547; x_wconf 78' lang='lat' dir='ltr'><strong>vere,</strong></span> <span class='ocrx_word' id='word_1_204' title='bbox 1281 1502 1450 1538; x_wconf 79' lang='lat' dir='ltr'><strong>omnino.</strong></span> <span class='ocrx_word' id='word_1_205' title='bbox 1511 1495 1686 1552; x_wconf 61' lang='grc' dir='ltr'><em>ἀτέχνως</em></span> 
     </span>
     <span class='ocr_line' id='line_1_25' title="bbox 215 1554 1684 1605; baseline -0.001 -10"><span class='ocrx_word' id='word_1_206' title='bbox 215 1566 371 1605; x_wconf 82' lang='lat' dir='ltr'><strong>autem,</strong></span> <span class='ocrx_word' id='word_1_207' title='bbox 405 1565 567 1594; x_wconf 78' lang='lat' dir='ltr'><strong>mutato</strong></span> <span class='ocrx_word' id='word_1_208' title='bbox 587 1565 786 1605; x_wconf 82' lang='lat' dir='ltr'><strong>accentu,</strong></span> <span class='ocrx_word' id='word_1_209' title='bbox 822 1556 1061 1595; x_wconf 74' lang='lat' dir='ltr'><strong>estrucliter.</strong></span> <span class='ocrx_word' id='word_1_210' title='bbox 1122 1554 1218 1595; x_wconf 81' lang='lat' dir='ltr'><strong>Vid.</strong></span> <span class='ocrx_word' id='word_1_211' title='bbox 1238 1556 1497 1594; x_wconf 78' lang='lat' dir='ltr'><strong>Ammorzium</strong></span> <span class='ocrx_word' id='word_1_212' title='bbox 1517 1556 1566 1596; x_wconf 87' lang='lat' dir='ltr'><strong>de</strong></span> <span class='ocrx_word' id='word_1_213' title='bbox 1590 1556 1684 1595; x_wconf 88' lang='lat' dir='ltr'><strong>sim.</strong></span> 
     </span>
     <span class='ocr_line' id='line_1_26' title="bbox 215 1610 1516 1661; baseline -0.001 -9"><span class='ocrx_word' id='word_1_214' title='bbox 215 1612 355 1652; x_wconf 76' lang='lat' dir='ltr'><strong>differ.</strong></span> <span class='ocrx_word' id='word_1_215' title='bbox 386 1611 629 1650; x_wconf 86' lang='lat' dir='ltr'><strong>Posteriore</strong></span> <span class='ocrx_word' id='word_1_216' title='bbox 655 1610 736 1649; x_wconf 89' lang='lat' dir='ltr'><strong>hoc</strong></span> <span class='ocrx_word' id='word_1_217' title='bbox 759 1625 882 1650; x_wconf 87' lang='lat' dir='ltr'><strong>sensu</strong></span> <span class='ocrx_word' id='word_1_218' title='bbox 901 1611 993 1650; x_wconf 73' lang='lat' dir='ltr'><strong>Ael.</strong></span> <span class='ocrx_word' id='word_1_219' title='bbox 1014 1613 1063 1651; x_wconf 93' lang='lat' dir='ltr'><strong>V.</strong></span> <span class='ocrx_word' id='word_1_220' title='bbox 1089 1612 1145 1649; x_wconf 87' lang='lat' dir='ltr'><strong>H.</strong></span> <span class='ocrx_word' id='word_1_221' title='bbox 1169 1611 1232 1661; x_wconf 91' lang='lat' dir='ltr'><strong>X,</strong></span> <span class='ocrx_word' id='word_1_222' title='bbox 1259 1617 1324 1654; x_wconf 82' lang='lat'><strong>10.</strong></span> <span class='ocrx_word' id='word_1_223' title='bbox 1353 1613 1516 1652; x_wconf 73' lang='lat' dir='ltr'><strong>anz.</strong></span> 
     </span>
    </p>

    <p class='ocr_par' dir='ltr' id='par_1_6' title="bbox 332 1666 1263 1734">
     <span class='ocr_line' id='line_1_27' title="bbox 332 1666 1263 1734; baseline -0.005 -24"><span class='ocrx_word' id='word_1_224' title='bbox 332 1666 435 1710; x_wconf 65' lang='lat' dir='ltr'><strong>[bid.</strong></span> <span class='ocrx_word' id='word_1_225' title='bbox 468 1667 699 1734; x_wconf 76' lang='grc' dir='ltr'><strong>”Λσπορα)</strong></span> <span class='ocrx_word' id='word_1_226' title='bbox 733 1667 857 1707; x_wconf 68' lang='grc' dir='ltr'><strong>Ηονη</strong></span> <span class='ocrx_word' id='word_1_227' title='bbox 882 1667 1161 1718; x_wconf 78' lang='lat' dir='ltr'><strong>Od.I,109.</strong></span> <span class='ocrx_word' id='word_1_228' title='bbox 1262 1671 1263 1674; x_wconf 73' lang='grc'>’</span> 
     </span>
    </p>
   </div>
   <div class='ocr_carea' id='block_1_5' title="bbox 219 1721 1699 2741">
    <p class='ocr_par' dir='ltr' id='par_1_7' title="bbox 219 1721 1699 2741">
     <span class='ocr_line' id='line_1_28' title="bbox 446 1721 1448 1779; baseline 0.001 -15"><span class='ocrx_word' id='word_1_229' title='bbox 446 1723 552 1766; x_wconf 77' lang='grc' dir='ltr'><em>Οὔτε</em></span> <span class='ocrx_word' id='word_1_230' title='bbox 573 1741 671 1776; x_wconf 74' lang='grc' dir='ltr'><em>φυτε</em></span> <span class='ocrx_word' id='word_1_231' title='bbox 658 1721 796 1766; x_wconf 61' lang='grc' dir='ltr'><em>εύουσι</em></span> <span class='ocrx_word' id='word_1_232' title='bbox 820 1742 876 1779; x_wconf 80' lang='grc' dir='ltr'><strong>χε</strong></span> <span class='ocrx_word' id='word_1_233' title='bbox 843 1727 926 1766; x_wconf 62' lang='grc' dir='ltr'><strong>ςοσὶ</strong></span> <span class='ocrx_word' id='word_1_234' title='bbox 946 1723 1097 1777; x_wconf 76' lang='grc' dir='ltr'><em>φυτὸν,</em></span> <span class='ocrx_word' id='word_1_235' title='bbox 1135 1723 1222 1766; x_wconf 73' lang='grc' dir='ltr'><em>οὔτ’</em></span> <span class='ocrx_word' id='word_1_236' title='bbox 1247 1721 1448 1777; x_wconf 69' lang='grc' dir='ltr'><em>ἀρόωσιν,</em></span> 
     </span>
     <span class='ocr_line' id='line_1_29' title="bbox 434 1778 1532 1837; baseline 0 -14"><span class='ocrx_word' id='word_1_237' title='bbox 434 1778 550 1823; x_wconf 60' lang='lat' dir='ltr'><strong>{Ama</strong></span> <span class='ocrx_word' id='word_1_238' title='bbox 573 1799 621 1822; x_wconf 83' lang='grc' dir='ltr'><strong>τοι</strong></span> <span class='ocrx_word' id='word_1_239' title='bbox 643 1778 682 1836; x_wconf 82' lang='grc' dir='ltr'><strong>γ’</strong></span> <span class='ocrx_word' id='word_1_240' title='bbox 708 1779 891 1836; x_wconf 79' lang='grc' dir='ltr'><strong>α’σπαοτα</strong></span> <span class='ocrx_word' id='word_1_241' title='bbox 912 1799 980 1824; x_wconf 81' lang='grc' dir='ltr'><strong>και</strong></span> <span class='ocrx_word' id='word_1_242' title='bbox 1002 1799 1211 1837; x_wconf 72' lang='grc' dir='ltr'><em>ανηροτα</em></span> <span class='ocrx_word' id='word_1_243' title='bbox 1201 1780 1332 1823; x_wconf 80' lang='grc' dir='ltr'><em>πάντα</em></span> <span class='ocrx_word' id='word_1_244' title='bbox 1353 1798 1532 1835; x_wconf 81' lang='grc' dir='ltr'><em>φυονται.</em></span> 
     </span>
     <span class='ocr_line' id='line_1_30' title="bbox 219 1838 395 1880; baseline -0.012 -2"><span class='ocrx_word' id='word_1_245' title='bbox 219 1838 395 1880; x_wconf 72' lang='lat' dir='ltr'><strong>SOLAN.</strong></span> 
     </span>
     <span class='ocr_line' id='line_1_31' title="bbox 333 1892 1689 1950; baseline 0.001 -16"><span class='ocrx_word' id='word_1_246' title='bbox 333 1893 438 1934; x_wconf 73' lang='lat' dir='ltr'><strong>Eacl.</strong></span> <span class='ocrx_word' id='word_1_247' title='bbox 460 1895 490 1934; x_wconf 93' lang='lat' dir='ltr'><strong>l.</strong></span> <span class='ocrx_word' id='word_1_248' title='bbox 513 1898 577 1936; x_wconf 82' lang='lat'><strong>12.</strong></span> <span class='ocrx_word' id='word_1_249' title='bbox 612 1892 730 1935; x_wconf 82' lang='grc' dir='ltr'><em>Μετα</em></span> <span class='ocrx_word' id='word_1_250' title='bbox 749 1899 821 1947; x_wconf 80' lang='grc' dir='ltr'><strong>τῆς</strong></span> <span class='ocrx_word' id='word_1_251' title='bbox 840 1897 1025 1948; x_wconf 71' lang='grc' dir='ltr'><strong>καρίδος)</strong></span> <span class='ocrx_word' id='word_1_252' title='bbox 1059 1895 1154 1936; x_wconf 79' lang='lat' dir='ltr'><strong>Cum</strong></span> <span class='ocrx_word' id='word_1_253' title='bbox 1171 1894 1330 1950; x_wconf 73' lang='lat' dir='ltr'><strong>squilla,</strong></span> <span class='ocrx_word' id='word_1_254' title='bbox 1350 1894 1394 1934; x_wconf 91' lang='lat' dir='ltr'><strong>h.</strong></span> <span class='ocrx_word' id='word_1_255' title='bbox 1420 1908 1455 1936; x_wconf 82' lang='lat' dir='ltr'><strong>e.</strong></span> <span class='ocrx_word' id='word_1_256' title='bbox 1481 1912 1568 1935; x_wconf 86' lang='lat' dir='ltr'><strong>cum</strong></span> <span class='ocrx_word' id='word_1_257' title='bbox 1588 1910 1689 1935; x_wconf 80' lang='lat' dir='ltr'><strong>esca.</strong></span> 
     </span>
     <span class='ocr_line' id='line_1_32' title="bbox 221 1950 1690 2004; baseline 0 -13"><span class='ocrx_word' id='word_1_258' title='bbox 221 1950 307 1991; x_wconf 87' lang='lat' dir='ltr'><strong>hoc</strong></span> <span class='ocrx_word' id='word_1_259' title='bbox 332 1951 444 1990; x_wconf 87' lang='lat' dir='ltr'><strong>enim</strong></span> <span class='ocrx_word' id='word_1_260' title='bbox 479 1950 596 2002; x_wconf 85' lang='lat' dir='ltr'><strong>pisce</strong></span> <span class='ocrx_word' id='word_1_261' title='bbox 630 1950 824 2004; x_wconf 81' lang='lat' dir='ltr'><strong>plerique</strong></span> <span class='ocrx_word' id='word_1_262' title='bbox 855 1953 1113 1991; x_wconf 78' lang='lat' dir='ltr'><strong>inescantur.</strong></span> <span class='ocrx_word' id='word_1_263' title='bbox 1158 1953 1298 1991; x_wconf 68' lang='lat' dir='ltr'><strong>Bnon.</strong></span> <span class='ocrx_word' id='word_1_264' title='bbox 1360 1952 1430 1990; x_wconf 84' lang='lat' dir='ltr'><strong>Sic</strong></span> <span class='ocrx_word' id='word_1_265' title='bbox 1459 1952 1503 1989; x_wconf 90' lang='lat' dir='ltr'><strong>in</strong></span> <span class='ocrx_word' id='word_1_266' title='bbox 1534 1953 1690 1991; x_wconf 87' lang='lat' dir='ltr'><strong>Piscat.</strong></span> 
     </span>
     <span class='ocr_line' id='line_1_33' title="bbox 221 2004 1693 2061; baseline 0.001 -16"><span class='ocrx_word' id='word_1_267' title='bbox 221 2009 402 2049; x_wconf 77' lang='lat' dir='ltr'><strong>Eoum).</strong></span> <span class='ocrx_word' id='word_1_268' title='bbox 463 2005 664 2061; x_wconf 78' lang='lat' dir='ltr'><strong>Squillam</strong></span> <span class='ocrx_word' id='word_1_269' title='bbox 688 2004 761 2059; x_wconf 78' lang='grc' dir='ltr'><em>τὴν</em></span> <span class='ocrx_word' id='word_1_270' title='bbox 780 2012 926 2061; x_wconf 73' lang='grc' dir='ltr'><em>καρῖδα</em></span> <span class='ocrx_word' id='word_1_271' title='bbox 957 2009 1027 2047; x_wconf 89' lang='lat' dir='ltr'><strong>hic</strong></span> <span class='ocrx_word' id='word_1_272' title='bbox 1049 2009 1176 2049; x_wconf 74' lang='lat' dir='ltr'><strong>etiam</strong></span> <span class='ocrx_word' id='word_1_273' title='bbox 1207 2018 1434 2050; x_wconf 82' lang='lat' dir='ltr'><strong>verterunt.</strong></span> <span class='ocrx_word' id='word_1_274' title='bbox 1497 2008 1576 2048; x_wconf 88' lang='lat' dir='ltr'><strong>Sed</strong></span> <span class='ocrx_word' id='word_1_275' title='bbox 1598 2023 1693 2047; x_wconf 88' lang='lat' dir='ltr'><strong>cum</strong></span> 
     </span>
     <span class='ocr_line' id='line_1_34' title="bbox 224 2064 1693 2117; baseline -0.001 -13"><span class='ocrx_word' id='word_1_276' title='bbox 224 2066 503 2117; x_wconf 80' lang='lat' dir='ltr'><strong>caricaficus,</strong></span> <span class='ocrx_word' id='word_1_277' title='bbox 538 2077 645 2115; x_wconf 90' lang='lat' dir='ltr'><strong>quae</strong></span> <span class='ocrx_word' id='word_1_278' title='bbox 665 2065 779 2117; x_wconf 74' lang='grc' dir='ltr'><em>καρὶς</em></span> <span class='ocrx_word' id='word_1_279' title='bbox 798 2064 941 2104; x_wconf 79' lang='lat' dir='ltr'><strong>eadem</strong></span> <span class='ocrx_word' id='word_1_280' title='bbox 955 2066 1183 2114; x_wconf 69' lang='lat' dir='ltr'><strong>Eustatlzio,</strong></span> <span class='ocrx_word' id='word_1_281' title='bbox 1214 2064 1291 2102; x_wconf 86' lang='lat' dir='ltr'><strong>sub</strong></span> <span class='ocrx_word' id='word_1_282' title='bbox 1317 2064 1440 2104; x_wconf 85' lang='lat' dir='ltr'><strong>finem</strong></span> <span class='ocrx_word' id='word_1_283' title='bbox 1464 2065 1693 2103; x_wconf 87' lang='lat' dir='ltr'><strong>Piscatoris</strong></span> 
     </span>
     <span class='ocr_line' id='line_1_35' title="bbox 224 2119 1695 2175; baseline -0.001 -16"><span class='ocrx_word' id='word_1_284' title='bbox 224 2120 329 2159; x_wconf 89' lang='lat' dir='ltr'><strong>huic</strong></span> <span class='ocrx_word' id='word_1_285' title='bbox 349 2120 408 2159; x_wconf 87' lang='lat' dir='ltr'><strong>rei</strong></span> <span class='ocrx_word' id='word_1_286' title='bbox 434 2119 629 2158; x_wconf 82' lang='lat' dir='ltr'><strong>adhibita</strong></span> <span class='ocrx_word' id='word_1_287' title='bbox 652 2120 733 2171; x_wconf 75' lang='lat' dir='ltr'><strong>sit3</strong></span> <span class='ocrx_word' id='word_1_288' title='bbox 770 2120 866 2159; x_wconf 91' lang='lat' dir='ltr'><strong>dum</strong></span> <span class='ocrx_word' id='word_1_289' title='bbox 893 2121 944 2160; x_wconf 85' lang='lat' dir='ltr'><strong>de</strong></span> <span class='ocrx_word' id='word_1_290' title='bbox 971 2123 1146 2175; x_wconf 78' lang='lat' dir='ltr'><strong>squilla,</strong></span> <span class='ocrx_word' id='word_1_291' title='bbox 1183 2121 1326 2160; x_wconf 80' lang='lat' dir='ltr'><strong>nescio</strong></span> <span class='ocrx_word' id='word_1_292' title='bbox 1348 2135 1397 2159; x_wconf 83' lang='lat' dir='ltr'><strong>an</strong></span> <span class='ocrx_word' id='word_1_293' title='bbox 1425 2120 1601 2173; x_wconf 81' lang='lat' dir='ltr'><strong>praedae</strong></span> <span class='ocrx_word' id='word_1_294' title='bbox 1622 2135 1695 2158; x_wconf 90' lang='lat' dir='ltr'><strong>na-</strong></span> 
     </span>
     <span class='ocr_line' id='line_1_36' title="bbox 226 2176 1534 2229; baseline -0.002 -14"><span class='ocrx_word' id='word_1_295' title='bbox 226 2186 292 2228; x_wconf 86' lang='lat' dir='ltr'><strong>ta,</strong></span> <span class='ocrx_word' id='word_1_296' title='bbox 323 2185 490 2216; x_wconf 86' lang='lat' dir='ltr'><strong>constet</strong></span> <span class='ocrx_word' id='word_1_297' title='bbox 511 2176 690 2226; x_wconf 83' lang='lat' dir='ltr'><strong>certius,</strong></span> <span class='ocrx_word' id='word_1_298' title='bbox 710 2179 840 2229; x_wconf 82' lang='lat' dir='ltr'><strong>ficum</strong></span> <span class='ocrx_word' id='word_1_299' title='bbox 860 2179 1029 2217; x_wconf 89' lang='lat' dir='ltr'><strong>interim</strong></span> <span class='ocrx_word' id='word_1_300' title='bbox 1051 2178 1175 2217; x_wconf 87' lang='lat' dir='ltr'><strong>hamo</strong></span> <span class='ocrx_word' id='word_1_301' title='bbox 1201 2176 1363 2216; x_wconf 79' lang='lat' dir='ltr'><strong>addidi.</strong></span> <span class='ocrx_word' id='word_1_302' title='bbox 1398 2179 1534 2216; x_wconf 65' lang='lat' dir='ltr'><strong>GnsN.</strong></span> 
     </span>
     <span class='ocr_line' id='line_1_37' title="bbox 339 2231 1694 2287; baseline -0.001 -16"><span class='ocrx_word' id='word_1_303' title='bbox 339 2231 921 2286; x_wconf 72' lang='grc' dir='ltr'><em>Εαίῖ.1.14.Περιμείναντες</em></span> <span class='ocrx_word' id='word_1_304' title='bbox 949 2236 1226 2287; x_wconf 72' lang='grc' dir='ltr'><em>ἐξελκομένου)</em></span> <span class='ocrx_word' id='word_1_305' title='bbox 1257 2233 1326 2271; x_wconf 75' lang='lat' dir='ltr'><strong>Sic</strong></span> <span class='ocrx_word' id='word_1_306' title='bbox 1350 2243 1432 2272; x_wconf 85' lang='lat' dir='ltr'><strong>tres</strong></span> <span class='ocrx_word' id='word_1_307' title='bbox 1465 2233 1694 2279; x_wconf 73' lang='lat' dir='ltr'><strong>editiones,</strong></span> 
     </span>
     <span class='ocr_line' id='line_1_38' title="bbox 229 2289 1693 2343; baseline 0.001 -16"><span class='ocrx_word' id='word_1_308' title='bbox 229 2303 324 2328; x_wconf 91' lang='lat' dir='ltr'><strong>cum</strong></span> <span class='ocrx_word' id='word_1_309' title='bbox 354 2299 492 2328; x_wconf 84' lang='lat' dir='ltr'><strong>tamen</strong></span> <span class='ocrx_word' id='word_1_310' title='bbox 530 2289 718 2329; x_wconf 74' lang='lat' dir='ltr'><strong>Erasmus</strong></span> <span class='ocrx_word' id='word_1_311' title='bbox 747 2290 1047 2343; x_wconf 84' lang='lat' dir='ltr'><strong>interpretetur</strong></span> <span class='ocrx_word' id='word_1_312' title='bbox 1076 2292 1245 2339; x_wconf 73' lang='lat' dir='ltr'><strong>adacto,</strong></span> <span class='ocrx_word' id='word_1_313' title='bbox 1287 2290 1520 2329; x_wconf 69' lang='lat' dir='ltr'><strong>Benedictus</strong></span> <span class='ocrx_word' id='word_1_314' title='bbox 1548 2289 1693 2329; x_wconf 76' lang='lat' dir='ltr'><strong>illecto.</strong></span> 
     </span>
     <span class='ocr_line' id='line_1_39' title="bbox 228 2344 1693 2400; baseline -0.001 -16"><span class='ocrx_word' id='word_1_315' title='bbox 228 2346 390 2384; x_wconf 84' lang='lat' dir='ltr'><strong>Recte</strong></span> <span class='ocrx_word' id='word_1_316' title='bbox 379 2345 514 2399; x_wconf 79' lang='lat' dir='ltr'><strong>lgitur</strong></span> <span class='ocrx_word' id='word_1_317' title='bbox 534 2344 734 2397; x_wconf 84' lang='lat' dir='ltr'><strong>adsripsit</strong></span> <span class='ocrx_word' id='word_1_318' title='bbox 755 2357 872 2399; x_wconf 75' lang='lat' dir='ltr'><strong>pater</strong></span> <span class='ocrx_word' id='word_1_319' title='bbox 891 2349 1155 2400; x_wconf 75' lang='grc' dir='ltr'><em>ἐςελκομὲνου.</em></span> <span class='ocrx_word' id='word_1_320' title='bbox 1188 2348 1332 2385; x_wconf 61' lang='lat' dir='ltr'><strong>Gnow.</strong></span> <span class='ocrx_word' id='word_1_321' title='bbox 1390 2346 1446 2383; x_wconf 80' lang='lat' dir='ltr'><strong>Et</strong></span> <span class='ocrx_word' id='word_1_322' title='bbox 1470 2344 1552 2383; x_wconf 89' lang='lat' dir='ltr'><strong>hoc</strong></span> <span class='ocrx_word' id='word_1_323' title='bbox 1579 2344 1693 2383; x_wconf 75' lang='lat' dir='ltr'><strong>Ges-n.</strong></span> 
     </span>
     <span class='ocr_line' id='line_1_40' title="bbox 232 2400 1692 2466; baseline 0.001 -30"><span class='ocrx_word' id='word_1_324' title='bbox 232 2404 340 2452; x_wconf 80' lang='lat' dir='ltr'><strong>vult,</strong></span> <span class='ocrx_word' id='word_1_325' title='bbox 360 2411 495 2448; x_wconf 85' lang='lat' dir='ltr'><strong>recte,</strong></span> <span class='ocrx_word' id='word_1_326' title='bbox 527 2400 599 2441; x_wconf 87' lang='lat' dir='ltr'><strong>sed</strong></span> <span class='ocrx_word' id='word_1_327' title='bbox 617 2413 852 2466; x_wconf 82' lang='lat' dir='ltr'><strong>suspectam</strong></span> <span class='ocrx_word' id='word_1_328' title='bbox 874 2406 971 2444; x_wconf 81' lang='lat' dir='ltr'><strong>lect.</strong></span> <span class='ocrx_word' id='word_1_329' title='bbox 998 2419 1134 2455; x_wconf 77' lang='lat' dir='ltr'><strong>servo,</strong></span> <span class='ocrx_word' id='word_1_330' title='bbox 1161 2402 1259 2457; x_wconf 84' lang='lat' dir='ltr'><strong>quia</strong></span> <span class='ocrx_word' id='word_1_331' title='bbox 1286 2411 1492 2440; x_wconf 78' lang='lat' dir='ltr'><strong>constans.</strong></span> <span class='ocrx_word' id='word_1_332' title='bbox 1529 2402 1692 2443; x_wconf 75' lang='lat' dir='ltr'><strong>Rmrz.</strong></span> 
     </span>
     <span class='ocr_line' id='line_1_41' title="bbox 236 2456 1697 2511; baseline -0.001 -16"><span class='ocrx_word' id='word_1_333' title='bbox 236 2456 423 2496; x_wconf 76' lang='lat' dir='ltr'><strong>Gesnerus</strong></span> <span class='ocrx_word' id='word_1_334' title='bbox 445 2472 574 2511; x_wconf 89' lang='lat' dir='ltr'><strong>quum</strong></span> <span class='ocrx_word' id='word_1_335' title='bbox 595 2458 747 2509; x_wconf 80' lang='lat' dir='ltr'><strong>vertit,</strong></span> <span class='ocrx_word' id='word_1_336' title='bbox 778 2462 985 2500; x_wconf 40' lang='grc' dir='ltr'><strong>ἰηιιΗοτιαςί</strong></span> <span class='ocrx_word' id='word_1_337' title='bbox 990 2477 1025 2506; x_wconf 94' lang='grc' dir='ltr'><strong>ο,</strong></span> <span class='ocrx_word' id='word_1_338' title='bbox 1058 2475 1145 2499; x_wconf 86' lang='lat' dir='ltr'><strong>non</strong></span> <span class='ocrx_word' id='word_1_339' title='bbox 1165 2472 1332 2499; x_wconf 85' lang='lat' dir='ltr'><strong>necesse</strong></span> <span class='ocrx_word' id='word_1_340' title='bbox 1356 2467 1417 2497; x_wconf 83' lang='lat' dir='ltr'><strong>est</strong></span> <span class='ocrx_word' id='word_1_341' title='bbox 1443 2457 1697 2511; x_wconf 78' lang='lat' dir='ltr'><strong>cogitaverit</strong></span> 
     </span>
     <span class='ocr_line' id='line_1_42' title="bbox 232 2513 1697 2566; baseline 0 -11"><span class='ocrx_word' id='word_1_342' title='bbox 232 2514 291 2561; x_wconf 76' lang='grc' dir='ltr'><strong>ἒςε</strong></span> <span class='ocrx_word' id='word_1_343' title='bbox 296 2514 512 2566; x_wconf 79' lang='grc' dir='ltr'><em>λκομένου,</em></span> <span class='ocrx_word' id='word_1_344' title='bbox 544 2513 615 2553; x_wconf 87' lang='lat' dir='ltr'><strong>sed</strong></span> <span class='ocrx_word' id='word_1_345' title='bbox 636 2524 778 2566; x_wconf 87' lang='lat' dir='ltr'><strong>potest</strong></span> <span class='ocrx_word' id='word_1_346' title='bbox 799 2515 908 2555; x_wconf 87' lang='lat' dir='ltr'><strong>idem</strong></span> <span class='ocrx_word' id='word_1_347' title='bbox 933 2518 1059 2556; x_wconf 82' lang='lat' dir='ltr'><strong>etiam</strong></span> <span class='ocrx_word' id='word_1_348' title='bbox 1084 2517 1127 2555; x_wconf 88' lang='lat' dir='ltr'><strong>in</strong></span> <span class='ocrx_word' id='word_1_349' title='bbox 1150 2514 1277 2554; x_wconf 89' lang='lat' dir='ltr'><strong>verbo</strong></span> <span class='ocrx_word' id='word_1_350' title='bbox 1302 2516 1476 2566; x_wconf 71' lang='lat' dir='ltr'><strong>vulgato</strong></span> <span class='ocrx_word' id='word_1_351' title='bbox 1501 2513 1697 2565; x_wconf 80' lang='grc' dir='ltr'><em>ἐξελκομέ-</em></span> 
     </span>
     <span class='ocr_line' id='line_1_43' title="bbox 233 2569 1697 2624; baseline -0.001 -14"><span class='ocrx_word' id='word_1_352' title='bbox 233 2586 310 2610; x_wconf 92' lang='grc' dir='ltr'><strong>νου</strong></span> <span class='ocrx_word' id='word_1_353' title='bbox 330 2570 486 2620; x_wconf 86' lang='lat' dir='ltr'><strong>inesse,</strong></span> <span class='ocrx_word' id='word_1_354' title='bbox 516 2570 647 2609; x_wconf 90' lang='lat' dir='ltr'><strong>modo</strong></span> <span class='ocrx_word' id='word_1_355' title='bbox 670 2581 828 2610; x_wconf 90' lang='lat' dir='ltr'><strong>motum</strong></span> <span class='ocrx_word' id='word_1_356' title='bbox 858 2573 1086 2612; x_wconf 88' lang='lat' dir='ltr'><strong>introrsum</strong></span> <span class='ocrx_word' id='word_1_357' title='bbox 1109 2581 1246 2611; x_wconf 87' lang='lat' dir='ltr'><strong>mente</strong></span> <span class='ocrx_word' id='word_1_358' title='bbox 1268 2574 1485 2622; x_wconf 81' lang='lat' dir='ltr'><strong>suppleas,</strong></span> <span class='ocrx_word' id='word_1_359' title='bbox 1520 2569 1633 2624; x_wconf 88' lang='lat' dir='ltr'><strong>quod</strong></span> <span class='ocrx_word' id='word_1_360' title='bbox 1654 2579 1697 2609; x_wconf 89' lang='lat' dir='ltr'><strong>et</strong></span> 
     </span>
     <span class='ocr_line' id='line_1_44' title="bbox 235 2625 1699 2681; baseline 0.001 -16"><span class='ocrx_word' id='word_1_361' title='bbox 235 2626 280 2665; x_wconf 83' lang='lat' dir='ltr'><strong>in</strong></span> <span class='ocrx_word' id='word_1_362' title='bbox 303 2625 401 2664; x_wconf 85' lang='lat' dir='ltr'><strong>aliis</strong></span> <span class='ocrx_word' id='word_1_363' title='bbox 422 2626 561 2666; x_wconf 84' lang='lat' dir='ltr'><strong>verbis</strong></span> <span class='ocrx_word' id='word_1_364' title='bbox 585 2642 678 2666; x_wconf 90' lang='lat' dir='ltr'><strong>cum</strong></span> <span class='ocrx_word' id='word_1_365' title='bbox 705 2629 746 2669; x_wconf 78' lang='grc' dir='ltr'><strong>ἐκ</strong></span> <span class='ocrx_word' id='word_1_366' title='bbox 777 2630 1027 2681; x_wconf 77' lang='lat' dir='ltr'><strong>compositis</strong></span> <span class='ocrx_word' id='word_1_367' title='bbox 1048 2630 1138 2668; x_wconf 87' lang='lat' dir='ltr'><strong>fieri</strong></span> <span class='ocrx_word' id='word_1_368' title='bbox 1169 2636 1358 2676; x_wconf 85' lang='lat' dir='ltr'><strong>constat,</strong></span> <span class='ocrx_word' id='word_1_369' title='bbox 1390 2638 1438 2665; x_wconf 89' lang='lat' dir='ltr'><strong>ut</strong></span> <span class='ocrx_word' id='word_1_370' title='bbox 1458 2627 1501 2665; x_wconf 86' lang='lat' dir='ltr'><strong>in</strong></span> <span class='ocrx_word' id='word_1_371' title='bbox 1518 2627 1699 2680; x_wconf 79' lang='grc' dir='ltr'><em>ἐκφέρειν</em></span> 
     </span>
     <span class='ocr_line' id='line_1_45' title="bbox 233 2680 1699 2741; baseline 0 -17"><span class='ocrx_word' id='word_1_372' title='bbox 233 2680 426 2735; x_wconf 81' lang='grc' dir='ltr'><em>πόλεμον,</em></span> <span class='ocrx_word' id='word_1_373' title='bbox 458 2683 603 2740; x_wconf 43' lang='lat' dir='ltr'><strong>inferre</strong></span> <span class='ocrx_word' id='word_1_374' title='bbox 634 2683 797 2736; x_wconf 71' lang='lat' dir='ltr'><strong>bellum,</strong></span> <span class='ocrx_word' id='word_1_375' title='bbox 830 2684 1003 2741; x_wconf 76' lang='grc' dir='ltr'><em>ἐξάγειν,</em></span> <span class='ocrx_word' id='word_1_376' title='bbox 1036 2685 1111 2725; x_wconf 84' lang='lat' dir='ltr'><strong>ubi</strong></span> <span class='ocrx_word' id='word_1_377' title='bbox 1141 2682 1357 2739; x_wconf 84' lang='lat' dir='ltr'><strong>significat</strong></span> <span class='ocrx_word' id='word_1_378' title='bbox 1382 2685 1567 2733; x_wconf 78' lang='lat' dir='ltr'><strong>incitare,</strong></span> <span class='ocrx_word' id='word_1_379' title='bbox 1598 2699 1699 2738; x_wconf 79' lang='grc' dir='ltr'><em>παρ-</em></span> 
     </span>
    </p>
   </div>
  </div>
 </body>
</html>
