1781 3174
492 191 1160 233 incATAPLuM.
1463 184 1562 232 603

97 292 207 341 πάνυ
231 291 427 350 γερόντων
449 285 698 344 ἇναζητῆσαι
719 288 789 332 τὸν
817 292 901 333 νίον
919 288 966 333 οὗ
986 289 1194 346 βούλομαι.
1223 291 1400 337 Bonan.
1460 294 1562 337 Vid.

101 352 296 401 Scholia,
328 359 370 389 et
396 350 588 388 Hermot.
613 362 704 401 cap.
730 352 797 391 76.
829 348 997 388 SOLAN.
1056 348 1158 388 Non
1183 349 1394 404 integrum
1421 354 1565 391 locum

100 423 214 459 esse,
246 406 348 446 inde
370 415 508 459 patet,
542 404 655 459 quod
677 408 776 456 πῶς,
808 404 873 443 uti
892 404 1020 446 Reitz.
1044 414 1086 444 et
1108 415 1284 445 recentt.
1304 421 1357 446 ex
1378 411 1568 447 nonnul-

100 466 153 504 lis
178 474 280 506 vett.
302 461 412 502 Edd.
435 462 719 514 scripserunt,
751 463 818 501 vel
846 461 1046 500 omissum
1078 473 1139 501 est
1169 462 1214 500 in
1237 462 1290 504 Ο.
1316 473 1359 502 et
1376 465 1466 512 F1.‚
1498 467 1569 503 vel

102 521 302 561 enclitice
335 518 539 571 scriptum
573 517 618 555 in
646 518 696 557 B.
724 525 762 560 1.
783 518 832 556 A.
856 523 891 561 1.
909 522 950 560 2.
991 517 1146 570 Neque
1174 518 1313 571 ipsum
1343 521 1453 560 illud
1485 525 1571 569 πῶς

101 578 231 617 facile
263 574 467 629 explicari
487 584 652 627 potest,
687 573 740 613 ob
773 588 897 628 quam
928 588 1012 613 rem
1039 576 1164 613 etiam
1197 576 1356 615 factum
1387 577 1568 630 opinor,

104 643 152 676 ut
175 633 291 672 varie
313 639 577 672 tractaretur.
637 630 898 671 Restituitur
916 633 1050 678 locus,
1083 632 1118 669 si
1141 630 1215 685 γὰρ
1239 631 1432 684 addatur,
1452 633 1572 687 quod

106 690 161 730 ob
182 692 334 728 multas
356 701 522 727 caussas
553 687 680 726 facile
704 685 899 726 excidere
919 688 1076 739 potuit.
1136 689 1206 727 Sic
1231 694 1317 738 πῶς
1344 688 1444 744 γὰρς
1475 705 1572 733 eum

104 747 150 785 in
174 745 370 794 modum,
403 758 540 796 eoque
558 757 707 792 sensu,
738 743 1006 795 interjectum
1032 745 1241 784 orationis
1264 748 1409 787 cursui
1439 747 1575 786 habe-

104 803 193 852 bis,
227 801 278 840 de
308 815 393 856 quo
430 800 630 852 exposuit
658 800 971 839 Hemsterlzusius
1000 799 1052 838 ad
1087 802 1256 840 Timon.
1284 817 1372 855 cap.
1396 809 1435 847 2.
1462 806 1514 845 Τ.
1537 803 1574 844 Ι.

105 875 148 913 p,
170 864 265 903 363,
299 873 359 911 sq.
393 856 459 899 Cf.
493 857 620 894 etiam
649 858 783 896 Dian.
812 858 947 896 Deor.
972 856 1142 907 XXVI,
1162 864 1202 900 2.
1234 858 1383 912 ibique
1411 859 1574 900 Adnot.

106 919 158 956 T.
181 916 239 954 Π.
261 929 302 968 Ρ.
324 919 422 958 402.
482 913 623 952 Simili
657 914 823 952 ratione
843 911 972 954 πόθεν
991 915 1055 963 65,-
1087 914 1328 953 immixtum
1360 916 1574 966 vidimus,

108 987 188 1011 nec
221 971 270 1010 ab
304 970 500 1011 omnibus
533 978 645 1009 recte
663 970 951 1020 intellectum,
985 970 1158 1011 Timon.
1179 985 1215 1010 c.
1237 977 1276 1018 8.
1297 982 1340 1013 et
1358 973 1575 1016 Prometh.

106 1043 137 1069 s.
165 1028 296 1068 Cano.
323 1043 356 1067 c.
380 1033 444 1070 12.
478 1027 638 1068 me.

220 1084 322 1123 Eud.
344 1087 373 1128 1.
398 1089 434 1128 8.
467 1084 707 1136 Βεβυσμένοι
739 1081 786 1124 τὰ
816 1078 924 1139 ὦτα)
959 1085 1259 1137 Πεφραγμὲνοι.
1322 1086 1394 1127 Sic
1423 1087 1471 1127 in
1493 1088 1579 1127 Sa·-

107 1151 190 1181 tur.
209 1151 250 1180 et
272 1140 323 1180 de
343 1141 482 1180 hiere.
503 1139 626 1181 cond.
651 1140 813 1179 I-Ieliocl.
835 1140 910 1180 lib.
931 1147 970 1185 3.
1002 1142 1174 1182 Bounn.

220 1197 323 1236 Eacl.
348 1200 373 1239 1,
403 1202 467 1240 10.
502 1198 659 1244 Δυεῖν)
693 1196 847 1234 Priscis
866 1197 1038 1237 Atticis.
1071 1197 1242 1237 Vonsr.

222 1253 324 1293 Εαιῖ.
344 1257 371 1293 l.
396 1259 459 1297 11.
491 1254 716 1306 Πέπειροι)
751 1253 910 1292 Contra
934 1252 1146 1304 ὀμφακίαι.
1206 1257 1278 1295 De
1308 1256 1464 1310 quibus
1493 1257 1581 1298 dic·

108 1321 197 1352 tum
218 1322 362 1350 antea:
394 1311 455 1348 sic
480 1319 625 1362 postea
644 1305 872 1360 ἀσταφίδες.
901 1311 1082 1350 Bounn.

221 1366 324 1406 Ibitl.
359 1362 472 1407 Καθ’
499 1364 632 1417 ὤραν)
672 1366 906 1419 Opportune.
938 1368 1080 1408 Bnon.

224 1423 324 1465 Ead.
350 1425 377 1461 1.
418 1428 484 1466 12.
522 1419 784 1474 Ἀσταφίὸες)
834 1422 1039 1473 Lucilius,
1083 1426 1214 1476 rugosi
1249 1429 1435 1481 passique
1462 1446 1581 1471 senes.

111 1482 279 1521 VosssT.
342 1478 511 1517 Alludit
539 1478 588 1516 ad
624 1478 899 1531 proverbium
943 1475 1092 1528 ciaeydg
1119 1482 1308 1535 γέροντος
1337 1481 1508 1537 ἆσταφὶς
1538 1485 1582 1528 τὸ

110 1541 300 1594 κρανίον,
335 1534 386 1574 de
411 1549 494 1588 quo
517 1535 629 1574 Suicl.
652 1545 693 1574 et
717 1536 864 1574 Zenob.
899 1535 1067 1576 SOLAN.

225 1594 324 1647 Peg.
352 1597 445 1635 197.
463 1595 490 1633 l.
514 1597 554 1634 2.
582 1590 652 1632 Ἐν
678 1595 848 1646 ΗΙηὸίςι)
882 1592 951 1630 De
970 1605 1069 1630 suae
1093 1594 1244 1633 aetatis
1272 1595 1314 1632 in
1334 1596 1482 1636 Media
1503 1598 1587 1638 bel-

114 1652 169 1692 lis
196 1650 354 1690 dixerit
375 1648 446 1687 hic
474 1649 703 1699 Lucienus,
734 1662 891 1698 necne,
925 1649 1189 1688 acutioribus
1223 1653 1498 1693 statuendum
1524 1671 1588 1696 te-

114 1710 282 1762 linquo.
316 1706 482 1744 SOLAN.
1290 1720 1293 1724 ’

232 1762 335 1802 Earl.
358 1765 384 1800 1.
407 1764 445 1804 5.
485 1765 573 1801 Φιλ.
599 1760 817 1814 Θεαγένης)
849 1761 1034 1809 Niirum,
1067 1762 1113 1800 ni
1147 1762 1326 1803 eundem
1350 1763 1422 1803 hie.
1452 1767 1588 1818 petit,

122 1821 173 1861 de
197 1834 282 1873 quo
308 1819 351 1855 in
382 1818 518 1857 Mort.
549 1818 712 1870 Peregr.
749 1820 901 1857 multa:
944 1827 1055 1858 certe
1083 1817 1166 1858 hoc
1195 1822 1369 1860 nomine
1401 1821 1596 1874 pbiloso-

122 1877 252 1931 phum
279 1874 407 1912 alium
437 1873 540 1912 novi
564 1874 787 1914 neminem.
821 1873 989 1912 SoLAn.
1053 1875 1149 1914 Hoc
1178 1877 1352 1915 nomine
1384 1888 1595 1930 tyrannus

123 1931 440 1985 Megarensium
465 1939 815 1969 commemoratur
842 1930 1069 1984 Thucydidi
1088 1932 1132 1978 I,
1155 1937 1247 1976 126.
1281 1944 1322 1973 et
1344 1933 1503 1974 athleta
1526 1951 1596 1990 ap,

125 1991 297 2031 Pansam.
330 1986 490 2025 Eodem
518 1986 667 2023 iterum
694 1986 866 2025 nomine
890 2001 941 2024 ex
969 1987 1298 2028 Atheniensium
1325 1991 1597 2044 principibus

129 2045 300 2099 quidam
323 2058 389 2096 ap.
420 2041 638 2093 Thucydid.
662 2043 718 2093 V,
742 2047 808 2086 24.
844 2041 941 2081 vid.
967 2043 1110 2083 Duker.
1140 2044 1190 2084 ad
1220 2049 1301 2084 loc.
1337 2047 1453 2098 prius
1484 2048 1598 2087 indi-

131 2113 295 2149 catum,
337 2099 408 2153 qui
443 2109 484 2138 et
524 2099 696 2138 Luciam.
728 2099 779 2138 de
815 2100 1025 2140 conscrib.
1060 2100 1158 2143 hist.
1195 2112 1236 2142 et
1271 2103 1404 2145 Deor.
1440 2107 1598 2143 concil.

131 2156 372 2211 Theagenis
397 2155 655 2194 mentionem
685 2155 838 2194 fecisse
874 2166 1030 2196 monet.
1090 2158 1204 2197 Num
1235 2173 1359 2209 vero,
1394 2170 1435 2198 et
1465 2161 1602 2214 qualis

132 2212 423 2268 philosophus
447 2211 597 2260 fuerit,
631 2210 681 2251 de
701 2226 785 2266 quo
810 2212 880 2250 hic
905 2213 1016 2266 agit,
1050 2227 1136 2253 non
1155 2215 1314 2269 liquet,
1346 2216 1432 2254 uisi
1458 2226 1604 2270 tyran-

135 2284 216 2310 nus
238 2270 328 2322 ipse
349 2267 635 2321 philosophus
662 2281 832 2322 quoque
854 2269 999 2308 fuerit.
1034 2271 1197 2313 Rnwz.

251 2325 354 2365 Εαιῖ.
379 2329 406 2365 1.
434 2330 497 2368 12.
527 2323 594 2366 ’En
620 2326 800 2377 ὄικαστ.)
834 2324 952 2378 Quid
985 2326 1064 2378 sit,
1106 2327 1191 2370 vid.
1223 2327 1367 2369 schol.
1398 2330 1607 2385 Aristopk.

140 2385 186 2423 iu
205 2384 266 2424 Pl.
290 2397 325 2433 p.
345 2387 412 2426 32.
445 2382 613 2421 Vons'iu

256 2438 359 2481 Eacl,
380 2442 406 2476 1.
430 2444 493 2482 13.
540 2437 642 2485 Τοὺς
670 2440 712 2480 ἐκ
741 2436 984 2491 τυμπάνου)
1024 2440 1107 2480 Rei
1140 2455 1231 2479 cum
1270 2440 1320 2480 ad
1349 2444 1609 2496 supplicium

147 2496 422 2545 ducerentur,
457 2494 647 2533 solebant
669 2505 828 2547 gestare
848 2496 1138 2535 tintinnabula
1155 2527 1164 2541 ,
1199 2513 1250 2537 ne
1274 2503 1475 2550 populum
1496 2501 1613 2541 ince-

148 2560 333 2599 starent,
368 2561 415 2590 ut
440 2552 553 2590 cives
576 2551 741 2589 tinnitu
774 2553 849 2590 illo
871 2552 1024 2591 moniti
1046 2553 1098 2591 de
1117 2554 1184 2591 via
1209 2553 1473 2596 decederent.
1507 2559 1610 2598 Zon.

147 2608 225 2649 lib.
247 2613 286 2651 2.
308 2608 461 2647 Annal.
492 2607 595 2645 hinc
614 2607 832 2647 carnifices
856 2623 948 2647 cum
971 2609 1287 2661 tintinnabulo,
1320 2621 1369 2650 ut
1388 2625 1455 2664 ap.
1480 2612 1612 2654 Plani.

150 2667 324 2705 Trucul.
384 2664 498 2703 Dico
529 2663 608 2702 hac
638 2662 689 2703 de
709 2679 770 2720 re&
787 2664 904 2705 alibi.
965 2664 1075 2704 Sunt
1105 2675 1266 2713 tamen,
1302 2669 1376 2721 qui
1406 2667 1618 2721 τύμπανον

153 2721 226 2773 hic
248 2721 583 2773 interpretentur
599 2719 716 2771 ξύλον
738 2721 766 2778 ςὸ
783 2719 876 2771 τούς
897 2724 1266 2774 καταδικασθέντας
1284 2722 1493 2778 ἐφόνευον.
1526 2725 1617 2765 dixi
