1781 3174
222 181 321 234 418
569 193 1334 226 ADNoTA‘rioNEs

224 293 482 336 facetissime
513 300 677 332 narrata
696 288 900 344 Lacydae
919 289 1094 331 historia
1111 324 1122 337 ,
1153 307 1259 347 quae
1282 291 1472 334 delusum
1496 293 1682 348 philoso-

224 352 356 405 phum
386 351 439 390 ad
467 348 744 402 ἀκαταληψίαν
774 347 937 402 adegit,
969 346 1082 400 apud
1112 349 1249 392 Euseb.
1277 346 1429 406 Εὖαγγ.
1453 356 1589 403 Προπ.
1610 351 1687 390 lib.

223 408 342 449 XIV.
373 406 444 449 τὸν
472 404 680 449 δακτύλιον
709 402 911 446 zaza-amas
934 402 999 445 διὰ
1028 409 1101 446 τοῦ
1128 410 1341 459 κλείθρου·
1372 417 1413 446 et
1446 408 1615 460 saepius
1643 407 1688 445 in

223 464 457 518 proximis:
489 461 596 514 ὀπὴν
628 462 799 501 vocavit
827 462 989 514 Diogen.
1016 460 1068 501 L.
1102 461 1187 509 IV,
1210 466 1278 507 59.
1312 465 1533 515 Κλειθρίον
1563 466 1691 517 paulo

224 520 389 559 diversa
418 528 631 572 potestate
661 517 847 572 reperies
879 518 925 555 in
956 515 1107 557 Heron.
1138 518 1311 558 Autem.
1341 534 1437 575 pag.
1461 523 1557 564 251.
1595 525 1693 564 262.

222 577 404 617 ΗΕΜΒΤ.
427 589 478 615 ex
499 574 726 614 Adrlendis.

336 652 435 708 Pag.
468 658 538 709 32.
567 655 595 694 l.
634 659 669 697 1.
715 649 819 695 Κατ’
857 648 1107 706 Ἀσφοδελόν
1124 650 1192 706 λ.)
1242 650 1408 694 Homer.
1454 654 1610 708 Odyss.
1639 662 1693 698 A.

222 711 440 805 ΒἎοὶἒαίῖ·
466 768 494 804 l·
516 772 556 812 8.
595 764 648 809 To
671 765 779 821 ἱερὸν
805 771 881 808 τοῦ
906 764 1170 819 Τροφωνίου)
1200 765 1312 807 Vide
1339 767 1415 808 Th.
1449 767 1603 807 Reines.
1643 766 1695 807 ad

222 822 424 875 Inscript.
443 821 505 863 Cl.
528 825 563 865 I.
586 838 628 862 n.
649 829 746 868 243.
778 824 962 862 HEMST.

337 907 444 952 Ibicl.
478 909 770 963 Κατὲρχονται)
799 910 874 952 Aa
892 910 1039 969 itfiros
1055 913 1241 966 migrant.
1269 912 1414 952 Bnon.

334 999 438 1042 Eacl.
469 1002 497 1039 1.
533 1005 598 1043 12.
635 1001 870 1057 Λεβαδείᾳ)
907 1000 1102 1041 Lebadia
1132 1000 1341 1042 Boeotiae
1368 1011 1433 1042 est
1461 1000 1694 1056 oppidum,

224 1057 300 1097 ubi
321 1055 603 1110 Trophonius
632 1055 705 1096 dat
725 1069 942 1111 responsa.
973 1058 1114 1097 Bnon.

559 1441 663 1491 IN
745 1441 1368 1491 CHARONEM.

336 1587 438 1644 Pag.
457 1592 525 1635 33.
547 1590 575 1628 1.
598 1589 636 1632 2.
671 1591 981 1631 ΕΠΙΣΚΟΠΟ
992 1591 1216 1641 ΤΝΤΕΣ)
1245 1588 1390 1630 Habes
1410 1592 1493 1643 jam
1524 1592 1694 1645 elegan-

225 1645 437 1684 tissimum
474 1655 516 1685 et
543 1644 742 1684 omnibus
786 1646 873 1683 suis
908 1647 1094 1684 numeris
1126 1646 1489 1685 absolutissimum
1521 1647 1697 1686 Lu'ciani

223 1701 308 1740 hoc
331 1702 375 1739 in
391 1716 544 1755 genere
559 1716 694 1755 opus;
729 1701 773 1738 in
800 1716 885 1754 quo
901 1700 1015 1753 quod
1037 1701 1318 1754 reprehendas
1340 1700 1450 1740 nihil
1470 1711 1555 1742 est:
1590 1701 1697 1742 adeo

224 1757 368 1796 omnia
398 1767 559 1807 exacta,
591 1767 633 1796 et
658 1772 749 1795 cum
769 1757 1012 1796 urbanitate
1035 1771 1193 1796 summa
1217 1760 1446 1811 conjuncta
1468 1758 1695 1810 severitas:

223 1816 341 1851 nulla
366 1813 568 1853 licentiae
593 1815 661 1852 vel
689 1813 888 1852 minimae
923 1817 1110 1863 macula,
1153 1812 1226 1852 sed
1257 1812 1491 1852 castissima
1522 1814 1694 1861 omnia;

223 1879 273 1907 ut
295 1869 411 1907 hunc
432 1869 701 1908 sanctissimo
725 1869 881 1921 cuique
901 1868 1164 1909 adolescenti
1186 1879 1279 1908 tuto
1303 1869 1347 1906 in
1368 1884 1516 1907 manus
1537 1868 1695 1921 tradas,

222 1923 338 1964 unde
363 1939 450 1963 non
472 1925 693 1978 ingenium
718 1924 844 1964 modo
861 1956 872 1975 ⁷
906 1925 977 1964 sed
1003 1935 1044 1964 et
1063 1940 1200 1964 mores
1229 1925 1384 1977 absque
1405 1925 1599 1979 periculo
1621 1940 1694 1964 ex-

221 1983 336 2019 colat
365 1989 490 2035 atque
513 1990 646 2023 ornet‘
677 1981 843 2022 SOLAN.
902 1982 1022 2021 Alter
1048 1982 1187 2021 libelli
1217 1981 1393 2022 titulus:
1427 1983 1695 2024 ἐπισκοποῦν-

218 2053 305 2086 τες,
338 2037 612 2089 neutiquam,
646 2047 695 2075 ut
722 2037 922 2077 nonnulli
942 2033 1234 2088 recentiores,
1269 2051 1301 2078 e.
1320 2051 1359 2090 g.
1390 2037 1595 2087 Kleinius,
1627 2038 1692 2076 in-

221 2101 382 2144 terpres
410 2091 588 2131 Luciani
616 2093 870 2139 Germanus.
915 2101 956 2133 et
987 2088 1235 2142 Gelzric'kius,
1280 2107 1364 2131 non
1403 2093 1492 2132 sine
1522 2093 1693 2134 infelici

223 2147 403 2201 quadam
435 2148 708 2187 aliectatione
736 2158 978 2198 verterunt,
1009 2151 1209 2188 visitantes
1237 2148 1334 2198 (die
1355 2149 1689 2199 Besuchenden‚

222 2217 256 2241 s.
282 2202 355 2241 der
373 2203 574 2256 Besuch)
593 2203 832 2259 significat,
866 2203 964 2255 sed,
998 2215 1047 2243 ut
1065 2214 1226 2244 veteres
1249 2204 1500 2255 interpretes
1520 2205 1688 2253 Latini,

222 2258 536 2312 coniemplantes.
593 2262 719 2300 Licet
741 2260 854 2300 enim
875 2262 1103 2303 ἐπισκοπεῖν
1127 2275 1212 2298 non
1235 2274 1328 2298 raro
1349 2258 1399 2298 de
1420 2259 1472 2298 iis
1504 2259 1686 2310 dicatur,

223 2314 300 2367 qui
319 2313 477 2353 adeunt
501 2315 683 2370 aliquem
705 2316 911 2356 visitandi
933 2317 1089 2372 gratia:
1122 2329 1196 2369 per
1227 2316 1339 2353 huno
1370 2324 1507 2354 tamen
1542 2315 1688 2355 dialo-

221 2383 319 2423 gum
357 2371 620 2410 visitationis
658 2375 777 2411 nulla
811 2371 1191 2426 deprehenduntur
1224 2367 1417 2426 vestigia.
1490 2371 1615 2424 Certe
1649 2372 1687 2411 si

221 2425 327 2476 quid
360 2427 569 2478 ejusmodi
602 2428 787 2482 cogitare
815 2430 944 2476 velis,
979 2427 1149 2467 Charon
1183 2427 1314 2465 fuerit
1350 2441 1458 2465 unus
1490 2428 1684 2468 visitans.

219 2481 291 2519 De
309 2481 526 2522 Mercurio
547 2493 712 2534 autem,
745 2485 905 2538 quippe
927 2485 1080 2523 nuntio
1102 2485 1293 2522 Deorum
1317 2483 1524 2530 terrestri,
1556 2482 1680 2523 nemo

220 2534 265 2573 id
289 2536 551 2589 cogitaverit.
614 2540 748 2593 Atqui
774 2541 949 2593 pluralis
971 2553 1165 2578 numerus
1187 2537 1237 2576 ad
1258 2546 1504 2591 utrumque,
1539 2538 1681 2585 credo,

219 2591 476 2634 referendus,
537 2596 741 2648 Denique
766 2599 918 2649 planus
952 2606 1013 2636 est
1038 2609 1084 2634 ac
1110 2594 1280 2632 minime
1312 2592 1530 2638 dubi-tatus
1565 2594 1682 2635 verbi

219 2646 450 2688 ἐπισκοπεῖν
476 2663 574 2688 usus
600 2651 642 2688 in
670 2666 703 2689 c.
728 2654 764 2695 5.
784 2663 889 2691 extr.
906 2684 916 2702 ,
957 2651 1030 2690 ubi
1062 2650 1303 2688 Mercurius
1336 2649 1387 2688 ad
1419 2650 1705 2706 Charonemzr

221 2701 269 2744 σύ
293 2704 334 2744 δέ
350 2720 418 2755 μοι
435 2701 512 2758 ἤδη
532 2708 574 2748 ἐν
593 2705 721 2758 κύκλῳ
740 2710 989 2763 περιβλέπων
1016 2702 1221 2750 ἐπισκόπει
1243 2702 1410 2748 ἅπαντα,
1442 2706 1600 2757 linum.
