1781 3174
503 193 580 226 IN
651 168 1138 227 culino-Num.
1451 180 1550 230 453

83 292 321 361 publicari
315 292 494 344 curavit,
530 290 668 347 Κύρου
692 285 767 335 miv
787 290 1127 347 βασιλεύσαντος’
1114 293 1212 334 ε’τεσι
1231 289 1323 341 κθ’,
1351 292 1418 334 καὶ
1437 290 1548 336 ‹ivon-

82 351 275 402 ρεθέντος
293 346 376 392 ‘rimi
401 347 660 403 Τομύριδος’
642 367 684 392 εν
707 351 992 405 Μασσαγετίᾳ,
1023 351 1114 388 sive
1134 349 1296 401 potius,
1331 349 1447 402 quod
1464 364 1547 388 ma·

81 405 146 458 gis
178 405 357 457 arridet,
397 409 696 461 Μασσαγετίδι
736 406 821 444 nisi
859 415 999 445 tamen
1034 404 1351 445 deliberandum
1384 404 1544 459 aliquis

78 470 214 514 putet,
227 460 342 516 quod
363 462 471 500 mihi
490 477 589 502 sane
609 472 789 503 veterem
809 461 1059 514 scripturam
1084 460 1321 501 attendenti
1344 471 1460 500 conti
1450 462 1544 516 igit,

78 532 132 556 an
154 533 242 557 non
262 529 285 555 a
303 521 493 574 μεσαγγία
511 520 681 558 facilius
705 519 864 557 oriatur
883 520 1097 574 μισγαγκία
1115 521 1184 557 vel
1204 521 1457 573 ‘kneyt-cyneio,
1487 518 1544 556 si-

78 573 284 628 quidem
272 588 318 612 ln
339 574 447 629 Hes)
450 576 537 615 chio
562 589 733 629 quoque
766 578 976 629 Μισαγγία
997 576 1122 613 istius
1143 574 1400 613 Homericae
1421 574 1542 614 vocis

74 632 217 668 locum
242 631 486 683 occuparit:
519 632 737 685 significat
757 641 894 670 autem
929 631 1146 671 conzallem
1175 646 1367 685 aquosam
1396 642 1432 669 et
1456 646 1543 684 pa—

72 685 231 725 lustrem
248 686 445 725 montibus
465 690 727 742 interjectam,
759 703 859 742 quae
880 687 1030 727 delatos
1048 687 1138 726 inde
1160 698 1342 727 torrentes
1360 689 1538 752 recipiat:

73 743 166 784 Jam
186 745 367 780 multum
388 742 525 791 abest,
557 755 606 783 ut
628 743 757 784 ceteri
785 758 879 783 cum
909 743 1116 784 Herodoto
1149 743 1420 796 conspirent,
1464 742 1540 796 qui

73 807 220 852 aperto
243 800 411 850 Marte,
442 809 485 839 et
508 801 768 840 atrocissima
791 814 934 855 pugna
960 801 1119 852 Cyrum
1142 809 1384 853 superatum
1404 799 1540 838 tradi-

71 855 158 903 dit;
199 855 311 904 imo,
362 855 399 893 si
436 855 539 896 fides
573 867 739 896 constat
767 856 879 908 illis,
925 871 1032 912 quos
1060 865 1252 895 auctores
1294 854 1540 894 habuerunt

73 914 226 964 Trogus
242 920 285 950 et
301 910 533 961 Frontinus,
564 913 616 951 ad
637 923 758 951 notas
778 913 1034 968 Massagetis
1053 912 1271 966 angustias
1291 911 1538 964 perductus,

69 969 244 1019 ibique,
276 967 433 1020 positis
458 969 503 1007 in
526 969 744 1007 montibus
764 969 960 1019 insidiis,
990 984 1083 1008 cum
1108 968 1302 1007 ducentis
1317 968 1536 1007 Persarum

69 1024 260 1064 millibus
283 1023 522 1063 trucidatus
546 1025 738 1065 interiit:
775 1040 883 1079 quae
907 1035 992 1065 tam
1015 1024 1280 1064 incredibilis
1302 1023 1440 1063 clades
1461 1039 1536 1063 ac-

68 1080 210 1121 cidere
236 1093 323 1118 non
346 1081 581 1132 potuisset,
620 1081 705 1119 nisi
735 1083 965 1121 maximum
989 1082 1286 1133 imperatorem
1313 1081 1422 1119 locis
1443 1080 1536 1118 ini..

67 1135 286 1191 quissimis
308 1134 614 1189 deprehensum
644 1138 779 1176 fuisse
810 1147 982 1177 statuas.
1042 1139 1159 1192 Ergo
1191 1136 1418 1176 abhorrere
1445 1151 1534 1175 non

65 1192 261 1242 videtur,
292 1201 341 1229 ut
362 1192 594 1232 historicus
616 1194 773 1247 aliquis
796 1194 984 1233 Graecus
1007 1208 1030 1232 a
1057 1192 1272 1247 Theophilo
1294 1192 1533 1244 descriptus

66 1250 228 1302 Cyrum
252 1247 415 1288 dixerit
431 1249 707 1289 interfectum
737 1251 780 1291 ἐν
803 1252 1056 1314 μισγαγκεία·
1096 1250 1223 1301 hujus
1255 1257 1393 1287 autem
1425 1263 1534 1287 con-

63 1309 276 1360 jecturae,
310 1305 380 1342 cui
405 1319 458 1344 ne
478 1320 500 1343 a
522 1321 587 1345 me
614 1305 824 1359 quidem
811 1320 905 1358 ipso
937 1306 1165 1359 plurimum
1198 1305 1534 1348 tribuitur.a1-

63 1361 241 1400 bitrium
261 1369 353 1401 esto
375 1375 504 1425 penes
526 1364 740 1401 lectorem.
797 1363 931 1401 Porro
951 1361 1102 1401 menda
1123 1375 1210 1400 non
1235 1335 1455 1399 dissimilis
1486 1362 1532 1400 in

63 1417 237 1485 reginae
270 1417 446 1456 nomine
473 1417 586 1470 apud
623 1417 759 1457 SchoZ.
791 1419 911 1458 Dion.
939 1418 1072 1487 Cles.
1097 1422 1253 1485 p.106-
1283 1434 1355 1468 την
1388 1416 1531 1471 Κύρου

62 1471 144 1516 ὖπὸ
166 1477 238 1525 τῆς
260 1470 478 1526 Μούριδος
501 1479 574 1526 τῆς
602 1475 836 1529 Μασσαγέτι
842 1478 912 1523 δος
932 1474 1096 1530 σφαγὴν
1120 1472 1141 1516 ὁ
1161 1470 1282 1522 αυτὸς
1307 1471 1534 1528 Ηοόδοτος

62 1527 302 1586 ἆναγράφει.
363 1530 571 1569 Meminit
598 1531 726 1570 etiam
755 1531 988 1585 IIie1·.onym
1016 1530 1068 1569 ad
1090 1532 1393 1574 Zachar.c.1.
1453 1530 1532 1569 In·-

62 1589 224 1652 ieficto
250 1588 370 1639 igitur
396 1586 505 1640 apud
527 1587 700 1639 Rffassag
679 1599 781 1627 fretas
803 1587 926 1642 Cyn-,o
958 1590 1026 1642 qui
1047 1599 1118 1640 in&
1113 1590 1209 1626 iota
1233 1603 1357 1627 annos
1383 1602 1534 1640 regna-

62 1655 172 1683 verat
203 1644 245 1681 in
262 1618 423 1692 t{Pet-sis,
464 1659 490 1681 α
517 1645 680 1698 Tomyri
712 1660 845 1696 regma
872 1644 1206 1696 Massagetmffum
1268 1643 1402 1696 Saepe
1429 1656 1531 1681 vero

59 1700 319 1740 recentiores
339 1699 539 1738 historici
562 1699 840 1738 confundunt
868 1698 972 1738 duas
998 1700 1296 1752 expeditiones
1328 1699 1433 1751 Cyri
1463 1697 1533 1735 di-

60 1769 227 1805 versas,
260 1755 436 1807 primam
458 1765 606 1795 contra
628 1756 753 1795 Sacas
773 1765 1036 1807 susceptam,
1067 1754 1297 1794 secundam
1328 1755 1531 1794 adversus

60 1813 328 1865 :Massagetas
347 1820 389 1850 et
409 1810 616 1863 Tomyrin
631 1843 641 1860 ‚
674 1825 864 1865 quaeque
893 1825 916 1849 a
937 1810 1230 1864 superioribus
1252 1809 1303 1849 de
1329 1814 1531 1850 alterutra

62 1869 236 1907 fuerant
256 1867 481 1906 memoriae
503 1865 700 1904 mandata
731 1867 842 1905 iuter
872 1880 916 1906 se
947 1867 1226 1919 permiscent3
1266 1867 1379 1905 sicut
1408 1865 1531 1904 facili.

62 1922 239 1977 negotio
264 1922 414 1961 licebit
435 1920 792 1972 animadvertere,
823 1922 860 1960 si
890 1924 987 1975 quis
1021 1932 1252 1976 componat
1285 1923 1419 1962 Str-ob.
1450 1921 1529 1961 XI.

63 1995 107 2034 p.
126 1984 222 2024 780.
254 1978 436 2033 Polyaen.
457 1979 586 2026 VIII,
618 1983 686 2023 28.
712 1978 888 2017 Fronrirz.
906 1978 1124 2029 Iustinum,
1157 1980 1296 2019 Amm.
1321 1977 1532 2019 ,Marcelli-

64 2053 179 2085 num,
213 2045 342 2088 atque
373 2036 493 2075 alios.
554 2034 668 2073 Illud
700 2034 917 2074 enimvero
949 2039 1017 2074 vel
1049 2035 1245 2088 inprimis
1277 2034 1532 2073 admiratio-

62 2107 160 2131 nem
183 2091 309 2129 habet
333 2105 418 2130 non
441 2089 717 2140 mediocrem,
752 2090 867 2144 quod
901 2091 1049 2129 mortis
1079 2106 1232 2145 genus,
1268 2105 1354 2144 quo
1385 2099 1530 2129 tantus

63 2162 138 2188 rex
158 2157 307 2200 totque
326 2149 584 2199 populorum
605 2147 745 2186 victor
763 2147 931 2197 obierit,
961 2147 1005 2184 in
1029 2148 1206 2186 obscuro
1230 2151 1384 2188 lateat:
1413 2161 1532 2199 prae-

65 2204 194 2257 cipue
224 2218 317 2242 cum
345 2206 435 2255 ejus
463 2213 575 2242 aetas
607 2204 653 2241 in
677 2203 759 2241 ista
792 2202 994 2242 inciderit
1018 2206 1230 2256 tempora',
1266 2203 1420 2256 quibus
1448 2205 1532 2254 jam

67 2260 219 2299 Graeci
233 2258 483 2298 florentibus
500 2259 684 2313 ingeniis
699 2258 915 2297 scribendi
929 2258 1116 2296 studium
1132 2258 1472 2312 frequentabant,
1489 2267 1534 2297 et

67 2317 194 2355 Asiae
215 2315 338 2355 rebus
362 2315 557 2368 quotidie
581 2316 713 2369 magis
738 2315 956 2368 magisque
977 2315 1336 2354 immiscebantur.
1375 2315 1532 2367 Longe

69 2371 334 2410 discedentes
358 2373 401 2409 in
425 2371 508 2409 hoc
529 2386 626 2409 casu
649 2370 830 2409 mirifico
862 2380 1050 2409 veterum
1073 2373 1336 2410 narrationes
1356 2369 1533 2409 adnota-

66 2429 132 2466 vit
151 2427 212 2467 JO.
234 2429 289 2466 A.
314 2428 456 2466 Hosius
476 2427 527 2465 ad
558 2427 671 2467 Corn.
697 2427 838 2480 IVepot.
865 2425 916 2465 de
940 2428 1044 2480 Reg.
1067 2442 1166 2492 cap:
1182 2434 1219 2470 1.
1283 2427 1370 2465 Cur
1390 2426 1533 2465 Noster

68 2482 266 2524 Herodoti
286 2483 405 2522 fidem
430 2485 693 2535 potissimum
718 2483 847 2521 fmrit
870 2492 1056 2532 secutus,
1089 2484 1197 2522 ratio
1222 2494 1284 2523 est
1308 2485 1351 2521 in
1382 2497 1532 2536 prom-

44 2551 145 2582 „tuz
179 2539 378 2576 nimirum
401 2540 627 2594 singularis
651 2540 722 2578 illa
749 2540 948 2577 foitunae
972 2516 1250 2590 vicissitudo,
1284 2540 1440 2592 Cyrum
1472 2547 1532 2577 et-

72 2597 153 2635 iam
184 2597 316 2632 multo
352 2610 546 2648 gravius,
589 2610 712 2649 quam
738 2594 964 2643 Croesum,
1007 2574 1299 2647 prosterneris,
1338 2594 1390 2633 ad
1421 2594 1532 2632 hanc

70 2652 335 2706 ingeniosam
358 2652 601 2705 tragilitatis
632 2652 840 2690 humanae
870 2651 1076 2704 picturam
1109 2653 1270 2705 optime
1298 2651 1532 2690 convenie-

72 2709 164 2748 bat:
198 2721 392 2762 quamvis
412 2709 576 2763 alioqui
596 2708 647 2747 de
676 2707 883 2747 historiae
912 2708 1091 2748 veritate
1124 2707 1355 2749 secundum
1386 2708 1533 2747 Xeno—
