1781 3174
526 206 597 236 IN
667 202 1170 237 PISCATOREM.
1483 196 1585 246 547

104 307 235 356 mine,·
265 302 451 358 ideoque
474 316 552 357 ego
577 315 737 341 comma
762 311 863 355 post
884 302 1061 357 ἐραστῶν
1080 306 1260 354 sustuli,
1293 315 1335 346 et
1354 317 1455 360 post
1476 307 1580 353 κάλ-

102 367 171 408 λος
205 360 356 411 posui,
390 371 437 398 ut
465 374 604 398 nexus
640 359 735 407 fiat,
777 360 1044 413 ἐπαινουμένη
1070 361 1118 409 ἐς
1140 361 1183 403 τὸ
1218 360 1386 414 κάλλος,
1421 367 1576 420 ἔχαιρε,

103 417 273 456 laudata
291 428 452 469 propser
467 416 820 469 pulchritudinem,
847 417 1060 469 gaudebat.
1110 417 1180 457 Sic
1202 434 1278 472 pro
1295 420 1427 474 Imag.
1448 437 1482 463 e.
1501 430 1569 469 23.

99 473 152 512 V.
177 474 228 513 L.
252 473 334 512 Bos
356 473 456 513 Obs.
483 488 539 513 cr.
565 487 603 524 p.
627 476 693 516 50.
727 472 797 510 Sic
817 476 871 520 εἰς
889 487 964 525 pro
986 484 1146 527 propter
1173 476 1297 514 etiam
1324 478 1486 521 Aelian.
1514 482 1567 524 V,

97 529 154 569 H.
187 530 318 579 XIV,
345 533 384 571 9.
450 528 700 581 Ξενοκράτης
726 551 783 558 —
811 526 890 570 ὑπὸ
921 535 998 571 τοῦ
1030 527 1253 580 Πλάτωνος
1282 535 1340 582 εἰς
1369 532 1412 576 τὸ
1450 535 1568 590 ἄχαρι

96 583 392 639 σκωπτόμενος,
426 586 670 625 Xenocraies
691 602 779 624 cum
801 601 827 623 α
850 585 1018 625 Platone
1039 587 1087 625 ob
1117 591 1369 636 rusticitatem
1405 591 1568 633 deride-

93 653 206 681 retur.
269 642 381 695 Quia
403 652 542 681 autem
565 640 609 684 τὸ
631 642 799 691 κάλλος,
833 642 1012 682 docente
1034 643 1208 698 Hesych.
1234 655 1276 684 et
1295 646 1476 688 Eustatlz.
1503 659 1564 689 et-

91 698 174 735 iam
199 698 345 752 signif.
370 710 605 751 unguentum
629 699 811 746 Vane-rix,
843 699 989 737 nescio
1013 713 1112 737 num
1138 701 1263 739 simul
1284 716 1336 741 ex
1361 706 1460 756 joco
1472 719 1562 744 am-

89 753 224 808 biguo
248 755 332 793 huc
355 754 531 795 alludat.
564 756 728 794 RmTz.
786 756 857 794 De
883 756 1060 797 ἐπαινεῖν
1080 757 1120 804 ἐς
1148 757 1205 797 cf.
1240 758 1382 798 Somn.
1411 775 1501 814 cap.
1519 769 1560 806 2.

86 809 174 852 τότε
196 812 238 852 δὲ
265 813 427 859 ἔπαινος
452 813 492 860 ἐς
517 812 592 866 τήν
624 809 796 865 εὐφυΐαν
823 812 891 853 καὶ
922 817 1044 854 ταῦτα
1070 807 1134 866 ἦν.
1197 813 1389 855 Omnino
1417 827 1559 859 tamen

83 881 151 906 res
172 878 289 906 nota.
318 870 476 909 LEHM.

195 924 299 965 Eacl.
327 929 354 964 l.
378 931 419 969 8.
457 921 563 967 Οὐδὲ
598 923 868 979 προςέβλεπε)
897 923 949 963 Id
989 923 1104 977 quod
1132 926 1370 967 meretrices
1404 929 1559 970 Corin·

81 979 248 1020 thiacae
279 982 418 1020 facere
450 991 783 1021 consueverant:
826 980 913 1022 vid.
945 980 1147 1022 Comicum
1184 982 1229 1021 in
1255 984 1370 1024 Plut.
1394 1000 1434 1028 v.
1461 992 1555 1032 149.

80 1047 123 1076 et
146 1037 278 1077 Schol.
301 1037 405 1076 ibid.
437 1039 491 1076 L.
510 1039 615 1077 Bos.

192 1094 294 1132 Ead.
330 1098 358 1133 l.
397 1100 462 1138 10.
496 1092 747 1150 Ἐγχέλεων)
787 1093 912 1148 Angl.
946 1099 1105 1137 κλοιῶν.
1143 1095 1322 1139 BOURD.
1391 1102 1556 1143 Κλοιῶν

77 1149 249 1204 quidam
284 1150 490 1201 Codices,
528 1154 601 1200 (ut
633 1152 677 1188 in
713 1151 978 1190 variantibus
1007 1155 1246 1201 notatum.)
1286 1156 1436 1195 confer
1467 1158 1550 1198 Pro

73 1207 362 1246 Merc.C0nd.
384 1221 418 1246 c,
445 1214 480 1250 1.
502 1208 637 1261 Eurip.
662 1207 780 1259 Cycl.
803 1212 897 1251 183.
928 1217 970 1247 te
993 1217 1146 1260 torque
1169 1209 1347 1249 Paridis.
1380 1212 1548 1253 SOLAN.

70 1259 282 1317 Ἐγχέλεων
306 1264 574 1303 retinendum
599 1273 720 1317 puto,
737 1264 836 1317 quia
856 1263 967 1302 ratio
981 1263 1102 1301 reddi
1126 1274 1282 1317 potest,
1300 1280 1375 1304 cur
1396 1273 1549 1311 κλοιῶν

73 1320 354 1358 substitueret
375 1320 557 1372 aliquis,
591 1321 666 1369 qui
687 1334 773 1358 non
797 1319 1079 1372 intelligeret,
1114 1319 1217 1374 quid
1241 1322 1442 1374 anguillae
1461 1326 1546 1365 sibi

70 1374 144 1413 hic
169 1379 350 1422 vellent3
386 1375 436 1413 de
461 1376 642 1429 anguilla
667 1374 965 1414 substituenda
988 1375 1110 1423 boiis,
1142 1377 1288 1416 nescio
1313 1393 1364 1416 an
1387 1381 1544 1434 aliquis

72 1431 262 1485 cogitare
278 1432 405 1471 facile
423 1434 628 1485 potuerit.
689 1434 796 1470 Tum
818 1441 990 1484 torques
1014 1432 1297 1485 anguillarum
1320 1433 1453 1489 figura
1476 1437 1546 1478 de-

72 1499 139 1525 cet
168 1502 256 1527 non
282 1489 445 1538 minus,
478 1500 599 1543 quam
625 1502 942 1537 muraenarum,
975 1487 1090 1527 unde
1125 1487 1261 1527 dictas
1293 1494 1545 1534 muraenulas

67 1544 288 1597 torquium
337 1545 550 1599 quoddam
591 1559 747 1599 genus,
780 1553 968 1591 constat;
1012 1543 1101 1582 vid.
1134 1544 1285 1600 Sckqffi
1320 1546 1372 1586 de
1398 1557 1539 1604 torqu.

63 1607 186 1653 p.12.
221 1602 357 1641 GnsN.
415 1603 558 1640 Etiam
579 1602 624 1639 in
645 1601 753 1640 Junt.
779 1604 829 1639 cl.
856 1599 994 1639 Solam.
1021 1599 1234 1640 deleverat
1262 1604 1466 1657 ἐγχέλεων,
1499 1617 1543 1646 et

62 1662 214 1699 κλοιῶν
241 1669 506 1708 correxerat,
557 1672 604 1696 ac
632 1657 804 1709 videtur
840 1656 1027 1695 voluisse
1061 1657 1106 1694 in
1138 1666 1301 1697 textum
1336 1662 1538 1714 recipere.

65 1714 147 1753 Sed
170 1715 328 1754 rectius
360 1718 410 1753 cl.
445 1714 632 1753 Gesner-us
660 1715 873 1767 vulgatam
902 1712 1110 1762 servavit,
1147 1713 1218 1750 cui
1256 1714 1391 1765 addo,
1425 1718 1540 1758 nihil

62 1769 165 1810 inde
199 1771 377 1821 confici,
420 1770 537 1824 quod
570 1771 613 1808 in
645 1770 832 1822 Apolog.
853 1782 930 1820 pro
955 1768 1133 1807 merced.
1158 1769 1359 1810 conduct.
1385 1787 1474 1826 cap.
1498 1782 1535 1818 1.

62 1825 218 1867 iterum
231 1828 486 1866 vocabulum
509 1831 656 1868 κλοιῶν
678 1833 895 1864 occurrat:
929 1824 1020 1862 illic
1040 1825 1153 1863 enim
1167 1840 1244 1864 nec
1261 1829 1381 1866 lusus
1403 1829 1533 1880 idem,

59 1896 139 1921 nec
159 1884 472 1936 comparativus
494 1882 734 1935 praecedit,
765 1891 814 1919 ut
834 1880 918 1921 hic.
952 1882 1115 1922 Pii-urz.
1176 1882 1234 1919 Et
1254 1882 1418 1924 Belinus
1437 1901 1531 1925 cum

59 1938 115 1976 iis
137 1940 266 1985 facit,
301 1940 373 1994 qui
398 1941 582 1993 ἐγχέλεων
603 1937 864 1985 defenduut,
900 1937 1144 1990 pariterque
1168 1951 1215 1975 ac
1242 1937 1428 1980 Gesner-us
1441 1957 1530 1982 mo-

58 2005 153 2044 net,
188 1997 343 2047 respici
367 1996 418 2035 ad
447 1997 733 2050 anguillarum
762 1993 939 2048 figuram
958 2025 968 2042 ,
1004 2007 1084 2046 qua
1114 2008 1425 2049 nonnunquam
1460 2013 1530 2037 ve-

57 2051 220 2090 teribus
244 2053 408 2092 fuerint
439 2061 609 2107 torques
637 2062 678 2091 et
710 2052 917 2094 armillae,
950 2048 1183 2103 laudatque
1203 2061 1446 2103 opportune
1464 2057 1529 2094 lo·

57 2121 152 2145 cum
175 2108 340 2148 Amorr.
370 2124 402 2151 c,
426 2114 495 2153 41.
530 2109 607 2163 qui
631 2107 809 2148 omnino
833 2121 928 2145 cum
951 2105 1035 2145 hoc
1055 2116 1202 2146 nostro
1224 2108 1412 2147 conferri
1433 2125 1528 2151 me-

52 2173 180 2203 retur.
213 2166 371 2204 LEIIM.

166 2221 265 2275 Pa3‚
294 2227 386 2266 143,
411 2225 440 2261 1,
468 2227 504 2265 1,
545 2225 625 2273 Τῆς
645 2220 779 2272 ῥινὸς)
809 2218 969 2258 Eadem
994 2218 1163 2258 locutio
1185 2219 1435 2261 occurrebat
1457 2236 1527 2262 su-

52 2290 128 2329 pra
150 2278 282 2318 Deor.
305 2279 422 2317 Dial.
447 2282 485 2326 O,
503 2285 543 2323 3.
571 2278 661 2328 (VI
677 2307 687 2325 ‚
712 2279 779 2327 3.)
813 2277 976 2314 REITZ·
1315 2317 1318 2319 .

178 2334 281 2375 Eacl.
303 2339 329 2377 l.
353 2341 393 2378 2.
418 2330 599 2389 Ἰξίονα)
631 2333 732 2374 Vid.
761 2333 886 2373 I'Iom.
919 2333 970 2374 Il.
1007 2331 1062 2381 Ξ,
1096 2334 1192 2376 317.
1226 2330 1353 2375 Conf,
1384 2334 1522 2376 Deor.

51 2389 170 2430 Dial.
196 2392 268 2430 Vl.
302 2393 469 2431 SOLAN.

164 2447 268 2488 Ectcl.
288 2451 313 2486 l.
332 2451 372 2492 5.
407 2449 589 2496 Βαδίζειν
609 2447 673 2489 ἐπὶ
689 2445 764 2499 τήν
793 2446 954 2497 οἰκίαν)
987 2443 1244 2484 Subindicat
1263 2446 1380 2485 vafer
1402 2461 1520 2486 scur-

49 2516 117 2552 ra,
157 2503 375 2544 Platonem
406 2519 577 2559 quoque
611 2519 699 2543 non
733 2504 835 2542 satis
866 2501 1120 2542 familiarem
1150 2501 1285 2541 fuisse
1313 2502 1519 2556 philoso-

48 2558 176 2613 phiae
197 2570 238 2598 et
258 2561 445 2601 veritati.
479 2561 616 2600 GESN.

161 2616 264 2656 Em,-
287 2619 314 2657 l·
337 2622 374 2660 6·
400 2613 473 2659 Ἐν
491 2614 747 2674 Κεραμεικῷ)
781 2617 851 2656 De
871 2615 938 2654 his
969 2614 1166 2654 omnibus
1184 2617 1305 2654 locus
1341 2614 1514 2656 dicendi

47 2671 97 2710 ad
121 2671 293 2712 Pansam.
325 2674 503 2714 Boxum.
558 2676 708 2713 Glossa
729 2672 828 2715 edit,
852 2673 981 2711 Paris.
1019 2671 1249 2721 Ceramicus,
1266 2671 1375 2710 locus
1388 2674 1512 2711 Athe-

46 2731 132 2779 ηις,
167 2728 253 2778 ubi,
286 2733 353 2784 qui
372 2734 412 2770 in
433 2731 532 2771 bello
549 2731 788 2780 ceciderant,
821 2729 1125 2784 sepeliebantur:
1157 2743 1182 2766 α
1209 2730 1394 2767 varietate
1414 2732 1512 2782 pic-—

1067 2787 1176 2824 stim
1208 2790 1234 2828 2
