1781 3174
206 161 305 208 402
564 160 1318 195 ADNOTA‘rioNfis

323 268 420 322 Pag.
445 269 514 310 20.
535 265 563 304 l.
587 267 625 306 2.
657 257 851 311 Στῆθος)
883 256 1019 310 Vide,
1051 272 1159 312 quae
1182 272 1307 312 supra
1328 258 1379 298 ad
1402 259 1527 314 Nigr,
1550 273 1586 299 c.
1610 264 1677 303 11,

216 326 418 368 adnotata
440 338 461 362 a
480 334 545 360 me
563 327 678 358 sunt.
738 316 795 354 So
806 330 908 353 ΒΑΝ.

329 380 434 422 Εαιῖ.
452 382 480 421 1.
501 380 540 421 5.
574 372 818 421 Διονύσιον)
850 369 946 412 Vid.
975 362 1218 426 Corra-Nep.
1239 371 1282 410 in
1307 372 1469 412 Dione.
1509 372 1679 411 SOLAN.

333 459 439 499 Ibicl.
477 451 592 497 ’Τπό
620 469 662 495 τε
688 455 846 499 Δίωνος
876 451 1227 504 κατηγορηθέντα,
1267 453 1334 493 καὶ
1362 448 1442 493 im}
1468 455 1540 503 τῆς
1569 455 1686 499 στοᾶς

221 513 648 570 καταμαρτυρηθέντα)
681 505 883 549 Plutarch.
913 508 957 544 in
979 508 1140 546 Dione.
1182 508 1328 548 Bnon.
1387 508 1573 556 Mirum,
1609 507 1683 560 qui

226 577 275 616 ab
298 570 454 614 Stoicis
474 567 663 621 potuerit
683 566 770 603 dici
791 563 1040 602 testimonio
1071 562 1287 612 confixus,
1321 579 1443 618 quem
1478 565 1568 616 ipse
1592 563 1687 601 Ari-

227 632 394 684 stippus
417 622 676 665 laudandum
700 620 878 661 censuit.
920 618 1002 658 Sed
1024 619 1132 657 alius
1157 629 1220 658 est
1243 631 1464 660 accusator
1485 620 1599 672 apud
1624 620 1686 658 in-

229 690 369 733 feros,
403 692 444 722 et
470 680 732 720 verissimum
765 677 943 729 opinor,
977 675 1090 730 quod
1122 676 1167 713 in
1196 686 1376 716 mentem
1412 677 1534 716 venit
1561 676 1687 728 patri,

226 741 306 786 ὑπὸ
326 745 397 792 τῆς
419 742 544 784 σκιᾶς.
604 734 780 786 Propria
810 733 946 784 ipsius
968 731 1112 770 umbra
1137 747 1229 771 eum
1256 734 1501 772 convicerat
1526 740 1692 784 praeter

227 800 432 839 Dionem,
492 792 660 847 Idnipse
679 789 943 846 Menippus,
971 787 1057 826 hoc
1087 787 1233 827 eodem
1258 788 1388 828 verbo
1420 790 1546 828 etiam
1576 802 1690 837 usus,

228 855 360 910 paulo
384 860 482 890 ante
494 846 755 888 adfirmavit:
787 845 1061 893 αὑταιζσκιαὶ)
1071 847 1209 886 τοίνυν
1228 843 1389 886 ἐπειδὰν
1407 841 1695 897 ἀποθάνωμεν,

228 909 502 965 κατηγοροῦσί
519 923 560 948 τε
575 905 642 946 καὶ
659 903 897 958 διελέγχουσι
915 900 962 943 τὰ
982 901 1235 955 πεπραγμένα
1254 899 1350 954 ἡμῖν
1371 900 1480 957 παρὰ
1500 899 1571 942 τὸν
1591 903 1695 955 βίον.

234 971 377 1009 Gnon.
431 1016 433 1018 q
884 1012 887 1015 ,

345 1019 451 1062 Ead.
471 1023 498 1061 l.
521 1024 560 1064 6.
604 1017 757 1068 Σκιᾶς)
789 1015 852 1055 Cl.
877 1013 1066 1054 Gronovii
1089 1011 1428 1053 emendationem
1454 1016 1698 1067 amplector.

236 1081 408 1124 SoLAN.

349 1134 454 1176 Εαᾶ.
476 1137 503 1176 1.
527 1138 565 1176 7.
591 1129 846 1185 Ἀρίστιππος
867 1124 888 1170 ὅ
913 1125 994 1182 K.)
1023 1127 1226 1166 Laertius
1246 1126 1290 1164 in
1311 1129 1401 1179 ejus
1423 1127 1529 1166 vita.
1556 1127 1702 1167 Bnon.

237 1193 510 1246 Aristippum
531 1187 753 1239 Dionysio
776 1195 1004 1239 patronum
1024 1183 1228 1233 advocat,
1262 1183 1362 1237 quia
1383 1186 1472 1237 ejus
1492 1184 1705 1237 parasitus

238 1251 374 1291 fuisse
396 1247 595 1286 traditur.
654 1244 706 1283 V.
729 1241 905 1281 Parasit.
927 1251 962 1280 c.
983 1246 1050 1285 33.
1090 1238 1258 1282 SOLAN,

351 1315 456 1356 Ead.
478 1317 558 1355 Lo.
596 1309 894 1364 Προςδεθέντα)
921 1309 1043 1362 Lego
1064 1309 1363 1359 παραδοθέντα·
1394 1304 1573 1346 absurde
1593 1306 1706 1345 enim

242 1374 493 1416 Chimaerae
515 1368 734 1421 alligetur:
766 1368 981 1419 eleganter
1009 1364 1191 1402 traditur
1210 1364 1535 1403 excruciandus.
1595 1362 1706 1401 Vide

240 1432 361 1472 Dial.
383 1428 535 1467 Mor-tt.
565 1423 702 1463 XXX.
744 1422 911 1462 SOLAN.
981 1419 1098 1472 Quin
1132 1417 1258 1458 etiarn
1289 1420 1436 1473 paucis
1469 1419 1705 1472 interjectis

242 1485 436 1528 versibus
458 1482 501 1524 τὸ
524 1475 977 1533 σπαράττεινὶτὼυἱίυτ
990 1475 1253 1525 Chimaerae,
1269 1491 1361 1515 cum
1377 1490 1460 1529 quo
1484 1473 1627 1513 officio
1643 1475 1705 1512 in-

244 1541 400 1584 fernali
420 1547 501 1592 qua
515 1538 684 1576 ratione
711 1533 933 1573 conciliari
953 1531 1170 1571 commode
1193 1533 1329 1585 possit
1348 1533 1472 1571 notio
1491 1536 1566 1573 τοῦ
1587 1548 1708 1584 προς.

242 1604 416 1651 δεθῆναι
436 1599 485 1650 τῇ
498 1595 689 1647 Χιμαίρᾳ,
712 1603 848 1643 neque
870 1600 949 1643 ego
972 1589 1079 1627 bene
1100 1588 1324 1640 perspicio.
1365 1591 1542 1628 Dlallem
1566 1588 1713 1640 itaque

246 1670 326 1709 ego
340 1665 509 1709 quoque
529 1649 767 1700 scripsisset
787 1655 936 1684 auctor
954 1646 1246 1696 παραδοθέντα,
1260 1648 1341 1695 vel,
1356 1644 1471 1700 quod
1492 1645 1626 1698 magis
1648 1658 1712 1681 ar-

245 1711 373 1757 ridet,
403 1707 693 1761 παρατεθέντα,
724 1702 810 1740 nisi
832 1702 901 1739 cui
925 1701 1248 1753 praeplacuerit,
1283 1709 1446 1739 servato
1470 1702 1713 1754 προςδεθέυ-

246 1785 320 1816 τα,
353 1779 478 1805 voces
501 1768 548 1820 τῇ
570 1763 749 1815 Χιμαίρᾳ
770 1757 923 1795 mutari
951 1757 994 1794 in
1018 1761 1074 1812 τῷ
1092 1761 1230 1812 τροχῷ.
1291 1757 1400 1795 Nam
1426 1758 1559 1810 τροχοὶ
1583 1756 1710 1794 etiam

249 1821 360 1877 apud
381 1822 570 1861 Nosfmm
591 1832 728 1870 saepe,
751 1824 799 1851 ut
818 1815 912 1854 Ver.
926 1814 1039 1853 Hist.
1063 1814 1122 1864 H,
1143 1819 1182 1857 8.
1201 1813 1337 1852 Diall.
1357 1814 1507 1851 Mortt.
1527 1813 1582 1860 X,
1605 1821 1710 1850 extr.

250 1882 295 1919 in
326 1877 552 1930 suppliciis
582 1870 866 1912 infernalibus
900 1879 1195 1921 numerantur3
1227 1879 1463 1921 sequuntur
1484 1879 1525 1906 et
1556 1882 1655 1906 mox
1677 1870 1718 1909 οἷ

247 1938 397 1988 τροχοί.
455 1930 753 1972 Nihilominus
784 1926 1016 1981 quidquam
1047 1935 1208 1965 mutare
1231 1926 1444 1975 nolebam,
1477 1924 1551 1962 ubi
1571 1938 1715 1963 omnes

249 1993 380 2032 libros
401 1987 644 2028 consentire
664 1985 770 2024 vidi.
833 1981 1055 2035 Cogitavit
1079 1982 1255 2020 fortasse
1280 1992 1425 2021 auctor
1448 1980 1714 2020 Chimaeram

251 2063 393 2096 suam,
441 2048 607 2097 qualem
649 2042 884 2095 pinxerunt
921 2038 1119 2077 Homerus
1148 2048 1188 2076 et
1221 2036 1443 2083 Hesiodus,
1491 2052 1512 2076 e
1539 2035 1714 2074 naribus

252 2104 437 2144 flammas
461 2098 688 2139 efflantem.
750 2097 905 2135 Verum
931 2098 998 2133 vel
1019 2094 1080 2132 sic
1104 2095 1144 2131 in
1173 2093 1423 2148 alligatione
1443 2093 1521 2132 ista
1544 2105 1716 2131 reman—

253 2161 355 2201 serit
379 2156 542 2210 aliquid
575 2153 727 2206 inepti.
789 2152 852 2191 Jo.
876 2151 1064 2203 Seagerus
1085 2150 1128 2187 in
1155 2150 1287 2188 Class.
1324 2150 1472 2190 Journ.
1499 2149 1552 2187 N.
1570 2148 1650 2186 XI.
1675 2161 1712 2186 a.

255 2220 375 2262 1812.
403 2230 445 2268 p.
473 2216 566 2256 134.
589 2214 682 2250 vult
705 2209 950 2262 προτεθέντα
972 2216 1014 2246 et
1039 2207 1222 2245 conferri
1247 2205 1365 2258 jubet
1385 2205 1564 2244 similem
1586 2203 1713 2256 hujus

251 2273 396 2321 verbi,
429 2279 680 2323 quamquam
703 2266 912 2313 activum,
942 2276 1065 2301 usum
1088 2277 1153 2315 ap.
1179 2261 1364 2315 Sophocl.
1389 2262 1507 2314 Ajac.
1530 2275 1569 2301 v.
1592 2263 1714 2302 1294-

251 2330 414 2370 Maneo
437 2337 576 2364 tamen
599 2323 644 2361 in
666 2325 851 2377 vulgata.
892 2320 1047 2359 LEHM.

363 2405 466 2445 Eacl.
489 2408 517 2444 1.
544 2409 610 2446 10.
651 2404 738 2444 Τῶν
757 2400 1104 2453 πεπαιδευμένων)
1137 2397 1234 2452 Quo
1253 2396 1299 2435 in
1322 2407 1497 2434 numero
1522 2403 1715 2434 censetur

251 2465 388 2504 Plato.
441 2463 585 2500 Bnon.

363 2519 462 2571 Pag.
492 2523 559 2560 21.
592 2518 622 2554 1.
654 2516 690 2557 1.
725 2506 1022 2566 Ὀπτωμένων)
1063 2508 1191 2549 Haud
1229 2517 1383 2547 temere
1420 2506 1574 2546 similia
1602 2506 1716 2559 apud

252 2575 465 2616 Ethnicos
496 2572 724 2624 scriptores
756 2570 975 2609 invenias:
1008 2566 1078 2606 sed
1111 2565 1207 2605 vide
1235 2565 1423 2602 Nostrum
1445 2578 1570 2616 supra
1593 2563 1711 2601 Dial.

248 2634 403 2674 Mortt.
425 2629 564 2668 XXX.
589 2628 701 2666 infra
736 2626 781 2665 in
808 2628 904 2668 Ver.
923 2626 1036 2664 Hist.
1059 2623 1116 2665 ΙΙ.
1151 2636 1186 2661 c.
1209 2625 1277 2665 29.
1311 2630 1353 2660 et
1389 2620 1439 2660 de
1459 2620 1589 2660 Luct.
1618 2633 1652 2658 c.
1673 2623 1713 2662 8.

249 2691 418 2729 SOLAN.
