1781 3174
196 184 308 233 422
543 189 1303 228 Annorarrousss

199 308 287 335 sese
310 293 350 333 ei
372 295 634 347 conjungens
655 290 825 331 Charon
844 299 968 331 vocat
996 288 1305 344 συνδιάκτορον,
1336 303 1423 328 non
1454 288 1567 343 quod
1588 304 1657 330 es-

202 360 265 391 set
283 348 460 388 nuntius
482 350 693 398 Deorum,
724 346 798 386 sed
819 347 919 400 quia
937 347 1096 386 solebat
1116 361 1198 385 una
1220 361 1314 385 cum
1332 345 1549 385 Mercurio
1571 344 1658 388 διά-

230 424 287 448 ειν
306 422 401 454 τους
418 403 599 459 νεκροὺς,
632 406 808 457 trajicere
828 414 1013 443 mortuos.
1061 403 1193 467 ‘Quae
1216 402 1267 440 ad
1287 403 1403 440 hunc
1420 404 1558 441 locum
1580 402 1659 441 ha-

203 425 306 502 {ent
336 461 494 501 eruditi
524 461 629 509 viri,
670 464 797 514 plane
822 469 921 499 sunt
952 460 1110 499 inania.
1153 458 1289 500 szn.
1358 457 1662 513 Συνδιακτορος

207 532 374 570 omnes,
415 531 518 570 quas
551 515 669 565 vidi,
703 515 796 556 edd.
859 516 932 554 Vir
962 525 1100 554 tamen
1130 514 1398 554 doctissimus
1431 514 1502 567 (in
1539 515 1586 555 B.
1617 521 1658 560 3.

206 573 354 624 credo,
388 587 518 625 quam
532 586 619 611 non
640 571 863 627 consului)
895 586 987 610 cum
1012 571 1180 626 legisset
1203 569 1487 625 συνδιάτορος,
1521 587 1660 611 emen-

207 630 305 670 dare
331 638 507 668 conatus
529 638 610 668 est:
642 630 821 680 frustra3
854 628 1040 682 genuina
1070 628 1182 667 enim
1205 637 1290 674 est,
1323 641 1446 680 quarn
1478 627 1662 668 exhibe-

206 701 313 726 mus.
346 683 570 739 Διάκτορος
589 699 611 724 a
633 699 802 725 munere
830 685 1032 723 Mercurii
1055 683 1288 737 epithetum
1313 683 1425 736 apud
1446 684 1663 724 Homerum

208 742 424 809 frequens,
455 751 502 780 ut
522 742 574 780 ΙΙ.
597 747 649 791 Β,
679 746 771 785 103.
801 746 860 789 Φ,
878 744 973 784 497.
995 749 1036 779 et
1057 739 1139 779 Od.
1164 745 1224 789 E,
1243 744 1311 784 43.
1342 739 1456 778 unde
1479 739 1548 778 hic
1569 755 1662 782 συν-

208 795 443 851 διάκτορος,
473 797 639 851 ejusdem
655 798 848 852 familiae
874 813 1022 838 servus.-
1053 806 1142 836 erat
1178 796 1316 847 enim,
1354 805 1403 834 ut
1433 795 1543 849 apud
1568 798 1663 836 Ae—

207 853 384 920 schylum
402 853 522 892 audit
545 854 925 907 Choep¹1.v.163.
986 855 1128 904 Κῆρυξ
1158 870 1200 905 μ
1189 853 1309 907 ’γιστε
1329 856 1409 893 ταῖν
1429 850 1513 893 α’νω
1532 869 1572 895 τε
1595 854 1665 895 καὶ

206 927 326 951 κατω.
386 910 596 964 Spanlzcm.
626 926 667 964 p.
694 914 784 954 169.
827 909 997 950 SOLAN.
1057 909 1319 949 Mercurium
1350 911 1546 948 IIomer-us
1575 909 1666 948 He-

206 965 413 1030 sioclusqfte
431 965 645 1017 διάκτορον
655 964 938 1020 Ἀργειφόντην
962 975 1189 1004 vocarunt:
1221 964 1330 1003 ratio
1351 965 1538 1003 nominis
1559 966 1664 1003 utri-

206 1035 341 1075 usque
365 1023 477 1060 inter
500 1023 830 1072 Grammaticos,
864 1032 911 1061 ut
936 1025 1065 1073 solet,
1101 1035 1188 1059 non
1219 1024 1438 1074 explorate
1468 1030 1662 1067 constat,

208 1079 303 1117 aliis
332 1078 457 1116 aliam
490 1078 698 1133 originem
731 1054 1077 1133 adsiwgnantibus,
1107 1091 1231 1130 quam
1263 1077 1442 1131 quisque
1468 1075 1520 1114 ad
1547 1091 1664 1115 suam

208 1133 259 1173 de
280 1133 407 1173 modo
431 1134 666 1174 fabularum
698 1134 1042 1188 explicandarum
1069 1134 1316 1187 opinionem
1349 1131 1665 1172 accommodare

205 1190 386 1228 maxime
403 1192 640 1233 consuevit
703 1191 748 1229 ld
776 1190 944 1245 quidem
966 1205 1134 1243 prorsus
1161 1191 1352 1241 ineptum
1377 1198 1440 1227 est
1462 1197 1584 1242 atque
1608 1189 1660 1226 ab

208 1246 428 1300 analogiae
447 1247 611 1300 legibus
632 1247 882 1295 abhorrens,
914 1246 1026 1314 quod
1051 1245 1262 1299 διάκτορον
1286 1244 1373 1283 dici
1407 1247 1561 1284 volunt
1589 1244 1665 1283 in-

206 1311 319 1340 serto
341 1320 361 1342 τ
382 1304 503 1355 quasi
522 1301 734 1358 διάτορον,
766 1301 854 1345 οἷον
888 1301 1081 1356 διατόρως
1107 1304 1172 1344 καὶ
1202 1307 1342 1353 σαφῶς
1367 1299 1665 1354 διαλεγόμενον,

206 1360 299 1408 vel,
331 1357 518 1412 διάτορον
551 1362 619 1400 καὶ
646 1363 756 1412 σαφῆ
786 1357 887 1400 κατὰ
915 1357 959 1400 τὸ
992 1361 1138 1413 λέγειν,
1180 1359 1290 1396 sicut
1319 1358 1363 1394 in
1396 1356 1589 1410 Hesyclzio
1621 1367 1664 1396 et

205 1413 439 1468 Etymologo
469 1414 736 1455 scribendum
760 1425 845 1455 est.
877 1429 1016 1483 neque
1046 1415 1127 1453 hoo
1157 1413 1301 1453 omisit
1334 1412 1489 1453 Cornus..
1526 1411 1577 1450 de
1606 1412 1662 1452 N.

205 1471 394 1515 D.c.16.
429 1468 639 1525 διάκτορος
659 1473 839 1524 κέκλήται
858 1468 947 1524 ἤτοι
966 1469 1043 1512 ἀπὸ
1063 1475 1137 1512 τοῦ
1158 1469 1343 1523 διάτορος
1366 1468 1468 1510 εἶναι
1486 1469 1551 1510 καὶ
1572 1486 1663 1522 τρα-

204 1524 278 1574 νός
299 1536 378 1566 etc
448 1529 602 1568 Verum
638 1527 794 1580 duplex
823 1529 1035 1567 sententia
1063 1526 1330 1580 potissimum
1365 1525 1577 1568 obtinuit.
1611 1524 1662 1563 ab

206 1581 394 1635 ejusdem
420 1584 537 1622 verbi
560 1585 700 1634 fonte,
733 1583 805 1623 sed
828 1583 986 1636 dispari
1019 1583 1171 1632 ductu,
1215 1596 1362 1621 vocem
1396 1581 1510 1620 illam
1543 1595 1666 1633 repe-

205 1647 325 1677 tens:
356 1639 513 1691 prima,
545 1654 667 1692 quam
686 1639 943 1693 probandam
967 1640 1188 1689 existimo,
1220 1628 1430 1705 διάκτορον
1462 1637 1665 1705 interpre-

206 1702 321 1731 tatur
342 1698 519 1734 nuntium
538 1695 729 1734 mandam
744 1713 803 1750 ρει
800 1696 873 1752 fer
875 1707 995 1734 entem
1016 1691 1095 1737 ἀπὸ
1119 1699 1193 1736 τοῦ
1213 1692 1362 1748 διάγειν
1380 1693 1450 1742 τὰς
1476 1689 1669 1747 ἀγγελίας·

204 1749 268 1788 sic
291 1750 336 1787 in
358 1751 564 1818 Etymolog
567 1768 588 1791 0
612 1751 790 1806 refinge,
822 1751 1002 1806 διάγοντι
1030 1768 1100 1799 τας
1121 1749 1304 1805 ἀγγελίας
1324 1753 1402 1791 τῶν
1427 1755 1559 1799 θεῶν,
1593 1748 1667 1804 ἆγ-

206 1804 455 1878 γελιαφόρῳ,
498 1823 549 1847 ex
581 1807 714 1848 Schol.
735 1808 896 1847 Plomer.
892 1770 985 1846 Yad
993 1809 1238 1855 11.B‚103·
1284 1820 1335 1844 ex
1369 1806 1444 1844 1110
1477 1806 1667 1844 VIClSSHn

207 1876 254 1900 m
285 1862 367 1902 hoc
387 1863 568 1919 ἀγγελίας
600 1878 675 1916 pro
707 1867 901 1918 ἐργασίας.
961 1864 1138 1904 Eusmtlz.
1161 1864 1213 1902 ad
1246 1861 1327 1902 Od.
1351 1866 1402 1902 Π.
1425 1875 1520 1916 pag.
1544 1865 1667 1905 1809

208 1932 249 1958 v.
271 1924 338 1963 33.
372 1935 424 1959 ex
444 1921 625 1960 vetustis
644 1926 795 1972 poetae
814 1920 1149 1959 enarratmibus:
1177 1918 1326 1971 Ερμῆς
1343 1917 1419 1973 γάρ
1442 1931 1540 1969 φασι
1559 1921 1668 1972 πρῶ·

206 1991 299 2025 τος,
335 1973 399 2018 Οἷα
416 1980 543 2029 κῆρυξ
563 1974 879 2030 καὶδιακτορος,
911 1976 1096 2031 καθῃρας
1117 1992 1187 2023 τας
1205 1973 1337 2023 ὁδούς.
1378 1975 1520 2013 Altera
1540 1985 1668 2014 trans-

208 2042 399 2072 vectorem
432 2036 675 2082 animatum,
717 2043 940 2086 propterea
973 2032 1088 2087 quod
1128 2031 1370 2070 NIercurius
1398 2028 1668 2095 ψυχοπομπὸς

210 2087 377 2127 umbras
397 2089 606 2128 deducens
628 2089 883 2128 Acherontis
903 2089 1028 2127 etiam
1058 2091 1278 2142 trajectum
1311 2095 1528 2138 procuret:
1562 2077 1666 2125 insi-

210 2144 306 2195 gnis
334 2156 398 2184 est
428 2145 480 2184 ad
513 2145 680 2185 Hcs-iod.
704 2143 762 2186 '.E
782 2147 848 2187 καὶ
861 2143 932 2186 Η.
952 2159 990 2184 v.
1016 2149 1084 2188 84.
1144 2142 1281 2184 Procli
1307 2146 1450 2189 locus,
1491 2141 1586 2191 sed,
1620 2142 1668 2181 ni

210 2199 358 2247 fallor,
391 2211 633 2251 truncatus,
668 2216 790 2254 quern
819 2216 895 2253 pro
935 2201 1052 2241 virili
1079 2209 1199 2252 parte
1232 2197 1550 2250 redintegrabo:
1578 2194 1668 2250 Ἀρ-

996 2253 1014 2269 Ἣ
1045 2253 1056 2269 Γ
1092 2253 1101 2268 ²

209 2272 425 2311 yetcpovmqg
443 2255 520 2300 δὲ
502 2274 591 2310 ητοι
614 2255 634 2299 ὅ
659 2256 783 2312 α’ργος
803 2256 957 2311 φόνου,
987 2274 1012 2309 η
1036 2274 1056 2298 ο
1079 2259 1211 2310 αργαῖς
1230 2257 1408 2306 φαίνων·
1439 2252 1549 2301 (nisi
1571 2254 1666 2322 quis

210 2313 532 2364 praefe1endum
553 2313 742 2365 ceriseat,
776 2316 950 2370 ἐναργῶς
982 2317 1155 2364 φωνῶν)
1191 2307 1388 2378 εἰρηνικὸς
1421 2325 1495 2363 γαρ
1529 2307 1669 2359 &aeds

209 2369 278 2408 καὶ
281 2365 506 2436 ἆψευδης
540 2373 581 2411 οἱ
595 2371 635 2412 δὲ
653 2370 860 2438 νεώτεροι,
894 2367 968 2412 ὅτι
969 2367 1106 2424 Ἀργον
1134 2364 1324 2420 ἐφόνευσε
1345 2363 1414 2406 τὸν
1440 2362 1663 2432 πανόπτην.

211 2421 438 2478 Διακτορον
468 2426 509 2468 δὲ
535 2424 727 2475 Νέσσος
706 2445 726 2468 ο
747 2433 851 2476 Χῖος
879 2426 980 2481 (hic
1012 2435 1150 2464 tamen
1176 2423 1283 2462 aliae
1311 2421 1428 2461 vocis
1459 2419 1666 2474 διάκτορος

209 2482 488 2533 proprietates
509 2483 620 2522 forte
643 2482 815 2532 desunt,
850 2482 1001 2537 quibus
1031 2481 1182 2519 ultimo
1214 2477 1378 2516 demum
1407 2471 1503 2516 loco
1531 2478 1666 2518 fuerit

210 2534 441 2603 adjectum,
477 2539 633 2588 Νέσσος
654 2537 736 2580 δὲ
716 2558 736 2581 ο
770 2545 873 2588 Χῖος
898 2548 980 2579 etc,
995 2539 1010 2584 )
1040 2534 1119 2578 απὸ
1146 2538 1220 2577 τοῦ
1239 2532 1388 2588 διάγειν
1409 2550 1480 2583 τας
1507 2551 1586 2575 των
1606 2550 1665 2576 τε-

208 2589 436 2635 λευτώντων
456 2592 600 2647 ψυχάς.
660 2595 856 2645 Dubito,
888 2609 939 2633 an
974 2595 1022 2633 D.
1044 2593 1231 2630 Heinsius
1253 2598 1438 2628 nostram
1473 2589 1667 2635 emenda-

211 2648 324 2687 tioni
345 2663 468 2697 suae,
507 2665 628 2703 quam
636 2651 696 2690 lis
720 2666 807 2690 eam
830 2665 906 2704 pro
932 2647 1104 2687 minime
1137 2645 1263 2684 dubia
1282 2645 1480 2697 putabat,
1511 2645 1664 2685 fuisset

213 2707 494 2757 praelaturus:
527 2723 557 2748 ε
547 2705 724 2760 ι’ρηνικὸς
747 2717 858 2747 certe
880 2708 947 2747 vel
970 2705 1014 2744 in
1038 2702 1211 2744 caducei
1242 2701 1439 2756 gratiam,
1469 2701 1570 2742 licet
1604 2702 1665 2757 ἑρ-
