1781 3174
473 179 1114 233 INYCHARONEM.
1428 193 1524 238 441

76 314 276 359 utrosque
307 302 475 342 vivente
496 301 676 349 Solone,
705 300 773 338 vel
801 301 928 351 paulo
951 301 1096 338 saltem
1130 308 1250 348 ante,
1281 300 1445 342 beatam
1472 303 1531 342 il..

76 363 158 400 lam
191 369 366 399 mortem
401 357 567 398 obiisse.
628 356 810 409 Κλὲωβις
843 365 981 394 autem
1010 355 1054 392 in
1090 355 1310 396 hodiernis
1334 358 1533 399 Herodoti

78 415 341 457 editionibus
363 415 610 466 impressum
641 422 724 459 θεῖς
759 425 894 465 neque
915 414 1038 449 ullam
1057 413 1391 453 membranarum
1417 426 1531 455 vete-

79 488 169 511 rum
195 471 245 511 ab
268 469 446 509 eruditis
474 469 577 508 viris
599 469 841 507 adnotatam
870 469 1035 519 reperio
1068 469 1370 509 variationem:
1404 471 1536 511 ceteri

81 540 219 568 tamen
250 541 422 575 ›omneS,
463 526 590 565 etiam
624 525 713 572 illi,
760 523 834 575 qui
861 533 1008 562 testem
1039 525 1286 564 Herodotum
1315 526 1533 577 adhibent,

84 585 252 638 Κλέοβιν
288 582 564 635 appellitant3
600 595 721 634 quem
751 578 964 617 scribendi
985 580 1155 619 modum
1178 583 1428 623 necessitate
1444 598 1538 622 me-

81 641 140 679 tri*
161 639 335 693 probat,
367 637 481 690 quod
502 638 547 675 in
572 636 740 676 Stobaeo
763 636 920 689 legitur
938 649 976 687 p-
1003 641 1097 679 603.
1118 638 1406 692 Epigramma:
1443 642 1538 683 Οἵδε

81 698 211 739 Βίτων
233 696 404 748 Κλέοβις
424 689 459 735 τ’
483 695 547 736 ἐπὶ
575 691 752 746 σώμασιν
778 694 983 733 οἰκείοισιν
1004 691 1180 747 Ζεὺγλαν
1206 693 1430 748 ζευξάμενοι
1455 707 1537 737 etc.

82 754 268 793 Matrem
291 750 517 803 Cydippen
550 750 684 789 edunt
715 748 930 803 plerique:
962 748 1138 791 Theano
1158 752 1244 789 fuit
1269 754 1316 790 ab
1342 753 1435 792 aliis
1457 768 1539 792 vo-

84 819 199 860 cata,
230 818 280 846 ut
303 807 451 847 Suiclas
486 805 675 846 ostendit
705 806 750 844 in
774 809 971 860 Κροῖσος·
1003 810 1076 858 τῆς
1104 805 1253 861 μητρὸς
1284 804 1413 850 αὐτῶν
1438 813 1540 851 Θεα-

82 870 182 913 νοῦς
206 862 235 917 ii
261 866 478 916 Κυδίππης
504 863 720 915 ἱερωμένης
745 863 811 904 καὶ
839 859 1053 914 μελλούσης
1079 861 1297 916 πομπεύειν
1320 871 1368 922 τῇ
1387 870 1540 924 πατρίῳ

87 923 206 976 ἑορτῇ
228 922 291 962 ἐπὶ
314 918 472 972 ἀπήνης
501 921 610 973 μέχρι
627 920 816 972 τεμένους
838 923 908 969 τῆς
924 917 1080 971 ’Ἥρας’
1111 919 1214 958 haec
1235 921 1284 958 ab
1308 924 1391 961 alio
1418 924 1541 963 fonte

84 988 187 1017 sunt
210 977 376 1023 hausta,
410 976 642 1030 itidemque
663 975 778 1028 quod
800 975 981 1029 Isyginus
997 974 1139 1025 tradit,
1165 976 1406 1031 Cydippen,
1429 990 1544 1032 post-

88 1048 213 1088 quam
236 1033 418 1085 duplicis
440 1031 664 1071 domestici
682 1032 853 1070 funeris·
870 1034 1062 1083 exemplo
1089 1031 1432 1084 didicerat,nihil
1454 1050 1544 1075 esse

87 1091 241 1129 melius
263 1089 534 1133 mortalibus,
569 1102 692 1139 quam
715 1088 845 1133 mori,
865 1097 1040 1126 mortem
1065 1088 1223 1127 obiisse
1242 1092 1540 1132 voluntariam.

84 1147 262 1186 Illorum
295 1159 417 1195 vero,
451 1159 473 1183 a
506 1145 660 1197 quibus
690 1144 793 1182 haec
813 1143 1016 1192 historia,
1035 1144 1229 1199 fabulam
1252 1158 1385 1185 notam
1413 1147 1544 1188 Cicero

89 1212 236 1250 vocat,
267 1201 324 1240 sit
343 1210 507 1240 narrata
523 1231 533 1246 ‚
569 1200 774 1238 indicium
800 1210 917 1251 petes
942 1213 962 1236 a
985 1200 1089 1238 viris
1109 1200 1407 1241 eruditissimis
1426 1205 1463 1245 J,
1485 1205 1543 1243 A.

87 1259 273 1298 Fabricio
294 1257 346 1295 ad
378 1258 490 1297 Sext.
513 1257 661 1309 Empir.
684 1257 728 1297 P.
746 1257 801 1298 H.
821 1256 903 1295 III.
929 1257 959 1309 ᾗ
977 1261 1073 1300 231.
1104 1256 1142 1296 J·
1164 1257 1329 1298 Davisio
1349 1259 1400 1298 ad
1425 1260 1545 1300 Cicer.

86 1318 136 1355 T.
159 1316 218 1356 D.
241 1315 276 1355 I.
307 1327 397 1366 cap.
419 1319 487 1357 47.
538 1314 719 1354 HEMST,

202 1392 305 1431 Ead.
327 1395 356 1432 1.
378 1396 418 1436 4.
466 1393 635 1446 Κλέοβιν
666 1392 732 1433 καὶ
766 1392 949 1442 Βίτωνα)
979 1393 1050 1431 De
1085 1392 1151 1431 his
1182 1392 1374 1434 Herodot.
1400 1394 1445 1447 I,
1477 1398 1546 1439 32,

89 1449 207 1490 Plato
228 1449 353 1488 etiarn
376 1449 421 1487 in
445 1448 674 1498 Axiocho‚
706 1450 774 1487 vel
797 1447 846 1488 de
865 1449 1023 1490 Morte.
1076 1450 1246 1489 SOLAN.

205 1528 311 1568 EacZ.
335 1531 365 1568 l.
390 1530 429 1572 5.
468 1525 567 1576 Τοὺς
586 1533 654 1580 τῆς
672 1529 815 1581 ἷερείας
832 1528 897 1579 π.)
928 1529 1058 1583 Lege,
1093 1534 1218 1570 XAP.
1243 1529 1347 1579 Tot-52
1365 1537 1436 1583 τῆς
1456 1534 1482 1573 i.
1505 1549 1546 1575 π.

93 1586 316 1626 venustius
345 1585 457 1624 enim
490 1595 552 1624 est
578 1585 681 1623 haec
714 1598 734 1621 a
766 1583 981 1624 Charonte
1014 1585 1124 1633 diei,
1161 1600 1285 1639 quam
1317 1602 1339 1625 a
1372 1587 1549 1627 Solone.

93 1644 259 1683 SoLAx.
319 1642 467 1680 Potuit
497 1656 595 1680 sane
625 1651 665 1679 et
686 1640 748 1678 sic
773 1640 999 1689 Lucienus,
1033 1656 1110 1680 nec
1130 1642 1377 1692 invenuste,
1412 1645 1552 1696 scrip-

94 1700 211 1740 sisse.
270 1698 425 1737 Verum
447 1698 488 1735 in
513 1698 630 1736 libris
661 1697 765 1748 ipsis
787 1696 912 1749 hujus
934 1697 1192 1749 disponendi
1215 1699 1394 1737 rationis
1418 1701 1554 1738 vesti-

94 1755 161 1810 gia
186 1755 457 1807 reperiuntur
481 1757 612 1793 nulla.
660 1753 821 1791 Contra
840 1768 964 1791 voces
984 1758 1053 1805 τῆς
1067 1750 1258 1807 Ἀργόθεν
1277 1765 1318 1793 et
1340 1756 1455 1806 ipsae
1478 1757 1554 1795 So-
1612 1770 1622 1775 ·

94 1811 208 1850 lonis
231 1811 417 1848 orationi
441 1807 734 1863 adjungendae
754 1808 1028 1858 videbantur,
1066 1810 1416 1860 quemadmodum
1438 1827 1556 1864 prae·

99 1876 225 1906 eunte
245 1865 392 1904 codice
412 1871 535 1909 3011.
558 1864 694 1902 edidit
716 1862 1007 1915 Sclzmiederns}
1039 1879 1146 1917 quae
1171 1867 1338 1919 quidem
1362 1870 1556 1907 emenda-

100 1924 165 1961 tio
198 1931 347 1974 postea
382 1922 507 1960 etiam
544 1922 662 1960 Gorl.
695 1920 858 1960 codicis
898 1922 1153 1961 auctoritate
1194 1923 1439 1963 confirmata
1480 1934 1554 1968 est.

97 1979 257 2018 LmiM.

213 2034 359 2074 Eadd.
385 2038 423 2076 9-
461 2030 516 2074 Τά
545 2035 707 2087 πρῶτα)
739 2034 907 2075 Primas.
955 2035 1096 2078 Bnon.

217 2101 323 2141 Ead:
342 2104 370 2143 l.
394 2106 456 2143 11.
497 2099 657 2152 Τέλλος)
688 2101 832 2141 Telaus
858 2103 901 2140 in
928 2101 1177 2156 quibusdam
1200 2103 1386 2157 Diogenis
1407 2104 1563 2146 Lam-tii

106 2158 328 2199 codicibus
348 2157 558 2195 scribitur.
618 2158 743 2210 Apud
770 2159 876 2198 alios
902 2160 1018 2199 Telus
1038 2162 1104 2198 vel
1129 2159 1281 2210 Tellus,
1314 2170 1361 2198 ut
1381 2161 1451 2199 hic
1474 2177 1560 2200 om-

108 2230 181 2255 nes
213 2214 432 2266 impressi,
465 2213 652 2266 exceptis
676 2214 738 2253 Fl.
765 2225 806 2252 et
826 2216 863 2257 J,
887 2231 992 2269 quae
1023 2217 1138 2265 Τέλος
1158 2215 1334 2255 habent:
1367 2217 1437 2256 sed
1463 2233 1562 2257 eae-

110 2271 202 2311 dem
236 2271 376 2312 Τέλλον
405 2278 515 2308 recte
548 2269 753 2308 exhibent
774 2272 869 2311 Ver.
890 2273 1003 2311 Hist.
1023 2272 1083 2310 ῙΪ.
1109 2288 1140 2311 c.
1168 2277 1232 2315 17.
1272 2273 1435 2315 somam
1496 2275 1564 2315 Ad

106 2328 272 2381 Diogen.
296 2328 346 2365 L.
368 2326 401 2375 I,
421 2329 487 2369 50.
507 2324 602 2363 vide
625 2327 869 2380 Ilflenctgium.
935 2331 1051 2377 Τέλος
1070 2328 1300 2379 scribatur,
1332 2345 1382 2368 an
1414 2332 1563 2382 Τέλλος,

110 2398 256 2437 parum
288 2383 486 2422 interest:
523 2383 679 2420 vetusti
705 2383 853 2422 Graeci
875 2385 1019 2424 literas
1050 2385 1263 2438 geminare
1283 2386 1356 2424 vix
1378 2402 1565 2442 unquam

113 2439 331 2480 solebant:
374 2439 541 2488 Σέλλος,
576 2440 717 2486 Σέλος·
755 2437 918 2492 Ὕλλος,
940 2439 1082 2489 ’Έλος·
1130 2444 1344 2492 Σελλασία,
1380 2447 1564 2485 Σελασία·

117 2493 287 2544 Πελλὸς,
320 2493 484 2544 Πελός,’
503 2497 621 2532 nullo
647 2495 892 2536 discrimine
911 2506 1168 2549 separantur.
1226 2498 1413 2552 Antiqua
1437 2502 1564 2554 scrip.

115 2551 178 2590 tio
211 2550 365 2589 delusit
394 2551 666 2604 interpretem
698 2553 840 2591 Dionis
878 2553 1008 2609 Clu-ys.
1034 2569 1073 2605 p·
1100 2558 1194 2598 593.
1227 2555 1282 2597 D.
1315 2566 1364 2594 ut
1392 2557 1567 2609 pulchre

120 2606 373 2647 casaubonus
391 2607 644 2647 observavit.
708 2609 890 2649 'l'lzemisl⁸
914 2610 986 2650 Or.
1008 2611 1172 2652 XVIII.
1197 2625 1237 2664 p.
1255 2617 1348 2656 211.
1367 2614 1426 2652 D.
1447 2619 1570 2667 Κροῖ-

119 2678 192 2706 σον
212 2663 283 2717 μὲν
316 2661 389 2704 οὐκ
408 2659 612 2721 ἆπέφῃνεν
637 2660 660 2706 ὅ
682 2664 826 2706 Σόλων
854 2663 1093 2721 ὀλβιώτατον
1114 2671 1192 2708 τῶν
1218 2667 1302 2713 τότε
1323 2663 1569 2725 ἀνθρώπων,

117 2717 215 2763 ἀλλὰ
236 2717 306 2762 τόν
323 2716 540 2773 Ἀθηναῖον
561 2719 628 2764 καὶ
649 2719 741 2771 τούς
765 2718 966 2779 Ἀργείους
985 2725 1234 2774 νεανίσκους.
1272 2725 1370 2777 ubi,
1403 2728 1571 2767 tametsi
