1781 3174
219 202 319 250 368
741 202 1170 240 50110L1A.

223 310 305 366 ἅμα
329 310 472 352 Μίνωι
492 310 550 364 τῷ
566 306 721 373 βασιλεῖ
735 306 1161 373 θαλαττοκρατοῦντας
1185 304 1342 361 ἔφυγον
1362 306 1419 356 εἱς
1444 305 1619 361 σπηλαιᾶ
1641 323 1697 350 τι-

223 386 296 420 να,
330 365 429 410 ὅθεν
446 366 580 407 ἐκεῖνα
599 365 649 413 x)
679 356 979 414 ωνομασθησαν
1008 361 1275 430 κρηςφύγετα.
1306 362 1346 402 V

343 427 380 464 K
396 440 417 476 ρ
431 439 456 474 η
472 437 490 469 ς
504 438 535 472 φ
548 418 606 473 ύγ
619 435 700 459 ετα
729 416 810 488 y)]
847 415 1031 471 Φρούριά
1052 435 1140 459 τινα
1182 416 1286 461 οὕτω
1319 417 1545 488 λεγόμενα,
1577 436 1627 462 ου
1658 421 1694 463 ἒ-

226 480 450 532 κρύπτοντο
470 479 511 519 οἱ
526 489 717 531 νησιωται
737 472 808 516 τὸν
828 476 980 516 Μίνωα
1002 471 1335 541 φεύγοντες,περὶ
1356 474 1431 528 τὴν
1455 473 1622 529 Κρήτην
1641 478 1691 529 z)

227 535 329 580 αὐτα
362 537 457 579 ε’στί.
532 530 583 574 Τὸ
614 532 689 573 οὖν
719 530 999 600 κρηςφύγετον
1032 529 1248 604 χρήσιμον
1258 538 1367 581 τοῖς.
1353 530 1594 602 φεύγουσιν
1619 537 1693 575 τοῦ

225 591 493 649 κρύπτεσθαι,
524 606 572 630 τα
599 587 702 656 πρὸς
719 585 815 636 τους
835 592 1030 656 χειμῶνας
1051 602 1165 629 στενα
1185 589 1254 629 καὶ
1269 587 1526 658 ὄχυρωματα.
1556 590 1607 629 V.

337 648 441 690 ΕαιΖ.
461 649 487 685 l.
509 651 574 689 12
608 640 871 713 ανεμώνη]
904 641 947 685 τὸ
967 641 1117 695 ἄνθος,
1149 642 1216 686 διὰ
1235 642 1281 686 τὸ
1302 642 1346 686 τὸ
1380 643 1533 699 φύλλον
1551 643 1693 689 εὕδιᾶ-

222 720 378 750 σειστον
401 703 502 746 εἶναι
521 702 641 744 παντὶ
662 697 808 757 ανέμω.
840 701 894 740 V.

338 761 676 830 Pag.298.1.9.
709 759 816 800 ἐπεὶ
856 755 949 799 οὐκ
990 754 1048 799 ἂν
1086 755 1289 809 φθανοι
1324 757 1429 810 τις]
1471 753 1560 801 ἀντὶ
1591 776 1689 811 του,

221 818 383 875 τάχιστα
403 835 454 860 αν
472 813 603 864 πάσας
620 810 820 869 ἆναιρησῃ
841 815 892 862 ⁵²)
922 812 992 862 τεὶς
1004 813 1188 862 τοιαύτας
1209 818 1466 868 προστασίας.
1497 815 1548 857 V.

337 876 440 929 Pag.
463 874 609 917 299.1.
631 876 672 915 2.
713 874 1075 924 μισθαρνοῦντ
1091 872 1180 924 ας]
1225 875 1576 925 Μισθαρνουντας
1603 870 1692 915 οἷον

221 931 295 975 τὸν
323 929 474 986 μισθὸν
503 925 1005 980 αντικαταλλαττομένους·
1047 944 1114 969 και
1141 931 1365 984 μισθαρνία
1396 931 1544 981 λέγεται
1570 926 1597 983 ἡ
1626 931 1691 972 ἐπὶ

222 992 358 1046 μισθῷ
374 987 566 1043 γενομένη
590 986 772 1054 ἐργασία
794 984 844 1025 V.

331 1033 440 1085 Εαιῖ
462 1046 491 1083 1
517 1047 556 1085 7.
598 1059 683 1083 και
722 1038 774 1083 τὸ
803 1042 972 1114 μέρος
1010 1038 1545 1110 συνδιαπράττομεν]
1600 1038 1690 1085 αντὶ

221 1106 307 1154 τοῦ,
340 1101 438 1144 ὅσον
458 1101 513 1148 εἰς
533 1095 639 1167 ημᾶς
655 1098 767 1151 ἡκεν,
801 1095 896 1140 ὅσον
919 1099 975 1146 εἰς
994 1095 1039 1139 τὸ
1063 1098 1181 1150 μέρος
1202 1095 1317 1151 ἡμῶν
1337 1095 1608 1168 συμβάλλεται.
1637 1099 1689 1139 V.

335 1157 486 1198 Ead.1.
515 1160 580 1198 11.
613 1151 926 1207 ἆπαξαπάντ
940 1171 969 1195 ω
985 1154 1033 1206 ν]
1061 1152 1371 1203 Απαξαπαντων
1398 1151 1477 1205 υφ’
1511 1155 1569 1196 ἕν.
1600 1152 1689 1198 αντὶ

219 1234 297 1273 γαρ
318 1219 392 1258 τοῦ
408 1209 663 1255 παντάπασιν
682 1213 795 1253 ἐστίν.
850 1207 1146 1266 Ἀριστοφάνης
1169 1206 1365 1267 Εἰρήνῃι)
1379 1213 1396 1263 )
1427 1208 1690 1262 ἇπαξαπαντα

217 1269 660 1327 καταμεμυττωτευμένα
677 1270 723 1318 c)

332 1327 435 1371 Εαιί.
456 1329 484 1365 1
510 1330 573 1369 16.
607 1341 743 1379 παρα
772 1328 861 1366 τοῦ
889 1325 1173 1378 βασιλέως]
1218 1326 1277 1366 Εἴ
1302 1336 1405 1365 τισιν
1440 1323 1536 1367 α’λλο
1563 1342 1688 1367 ταυτα

220 1386 451 1436 πλεονεξίας
475 1380 687 1450 κατηγόρει
714 1381 781 1422 καὶ
810 1377 1053 1429 αλαζονείας.
1094 1385 1220 1430 καλῶς
1252 1399 1295 1434 μ
1282 1380 1322 1421 ὲν
1348 1397 1423 1434 γαρ
1458 1380 1535 1434 εἶχέ
1564 1397 1630 1423 σοι
1659 1378 1687 1436 ἦ

222 1442 418 1496 ἀπολογία
435 1456 483 1480 τα
502 1436 620 1479 κοινὰ
650 1437 932 1504 συνδιαφέρων
961 1443 1044 1485 τοῖς
1064 1435 1198 1486 αλλοις
1223 1439 1290 1478 καὶ
1310 1440 1559 1491 διαχειρίζειν
1585 1455 1686 1492 προ-

221 1499 457 1556 βαλλομένη.
478 1496 546 1537 καὶ
563 1492 664 1548 πρὸς
681 1494 846 1535 ε’παινον
861 1490 956 1546 ημῖν
975 1499 1090 1536 τοῦτο
1113 1511 1222 1548 παρα
1244 1507 1343 1534 πασι
1361 1493 1431 1535 τὸν
1450 1495 1579 1547 βίον’
1562 1512 1687 1537 επαν-

223 1560 460 1608 ορθουσθαι
484 1551 806 1608 προθυμηθέντι.
858 1547 902 1592 τό
927 1550 969 1605 γε’
988 1567 1050 1592 τοι
1075 1552 1167 1606 περὶ
1194 1551 1393 1605 βασιλείας
1411 1545 1458 1601 d)
1496 1556 1686 1606 προςθεῖ-

312 1710 403 1750 λαιά
421 1723 519 1765 τινα,
548 1709 655 1765 quod
670 1708 820 1765 quidem
843 1708 923 1753 ipse
944 1714 1076 1743 auctor
1097 1709 1278 1753 cogitasse
1298 1707 1458 1752 videtur,
1485 1720 1621 1765 quum
1623 1709 1688 1744 de-

307 1761 397 1794 inde
418 1757 606 1801 scripserit
626 1751 902 1800 ωνομάσθησαν
923 1755 1129 1788 secundum
1153 1757 1317 1787 suidam.-
1342 1761 1572 1807 qiiapropter
1592 1769 1687 1790 covo-

306 1805 439 1852 μάσθη
460 1803 653 1860 irnprobus
675 1808 730 1835 est
747 1802 870 1833 Solam>¹
888 1813 1005 1834 error.
1053 1803 1183 1845 Neque
1202 1800 1294 1834 adeo
1314 1801 1444 1834 vitium
1466 1801 1560 1834 illud
1582 1808 1687 1836 vetus

310 1852 449 1891 ἐκεῖνος
473 1851 512 1883 111
537 1847 679 1892 ἐκείνη,
706 1847 769 1881 sed
795 1848 835 1881 in
855 1845 998 1892 ἐκεῖνα,
1022 1847 1182 1880 transire
1213 1845 1383 1879 debebat.
1430 1847 1504 1880 Sub
1535 1847 1686 1881 initium

308 1898 452 1933 scholii
471 1907 578 1931 στενα
599 1895 730 1928 itidem
751 1899 806 1928 est
838 1905 856 1926 e
884 1896 997 1926 suida
1027 1894 1258 1933 desumtum,
1285 1892 1348 1925 ubi
1374 1898 1498 1925 tamen
1526 1893 1685 1926 fortasse

307 1956 480 1990 στεγανα,
508 1948 550 1975 ut
568 1944 690 1973 Portu-s
708 1947 742 1974 et
759 1943 929 1972 Kasterus
947 1939 1177 1982 maluerunt,
1203 1917 1260 1971 vei
1281 1949 1428 1983 στεγνα,
1455 1944 1496 1971 ut
1511 1939 1550 1972 in
1573 1942 1687 1985 Hesy-

309 1992 389 2025 chio
412 2002 441 2025 s.
465 1985 719 2033 κρησφύγετον
737 1986 896 2031 legitur,
921 1986 1179 2030 reponendum
1197 1990 1262 2017 est.
1295 1985 1416 2018 Lehm.

262 2050 310 2094 x)
336 2045 385 2082 ἐκ
397 2058 412 2081 ε
425 2047 439 2081 ι’
448 2059 469 2081 ν
480 2048 528 2090 η]
558 2046 651 2099 „Ita
656 2045 818 2077 correxit
835 2043 952 2076 idem
943 2066 953 2083 ‚
979 2054 1066 2076 nam
1088 2042 1218 2075 vitiose
1237 2039 1374 2081 ἐκεῖνος
1391 2041 1533 2075 editum
1548 2042 1684 2078 fuerat,

307 2096 405 2129 Item
431 2104 497 2137 pro
525 2087 729 2135 ωνομάσθη
757 2089 854 2123 male
882 2089 1075 2133 legebatur
1107 2083 1393 2142 ω’νομασθησαν.
1400 2088 1424 2107 “
1485 2089 1568 2121 Imo
1598 2099 1684 2121 vero

304 2140 465 2186 pessime
488 2143 705 2217 1001100111111
734 2135 829 2180 hoc,
856 2147 972 2181 quum
997 2135 1085 2177 illa,
1109 2132 1219 2169 πόλιν
1247 2146 1333 2168 τινα
1353 2133 1574 2178 corrigenda
1596 2133 1688 2167 fuis-

307 2192 400 2220 sent.
435 2187 486 2217 Le
512 2197 544 2216 m

262 2234 310 2278 y)
339 2234 405 2284 Κρ
418 2243 440 2276 η
455 2243 472 2271 ς
484 2243 511 2275 φ
523 2227 546 2264 ύ
557 2241 600 2274 γε
611 2242 631 2264 τ
643 2228 689 2273 α]
717 2229 835 2261 Voces
860 2227 1055 2273 aliquoties
1073 2226 1254 2272 repetitae
1272 2225 1453 2269 variisque
1472 2223 1594 2257 modis
1617 2235 1683 2257 ex-

309 2278 468 2322 positae,
496 2277 696 2309 ostendunt
723 2274 815 2308 haec
834 2284 912 2307 esse
941 2273 1169 2307 collectanea
1189 2284 1230 2305 ex
1250 2271 1360 2304 variis
1386 2269 1602 2304 auctoribus
1625 2280 1684 2304 ex-

308 2330 457 2379 cer-pta,
484 2323 540 2355 vel
560 2334 580 2355 a
602 2320 773 2375 pluribus
795 2320 887 2353 haec
905 2319 1054 2353 Scholia
1074 2319 1213 2363 scripta
1233 2318 1358 2350 fuisse.
1399 2316 1522 2349 Cleri&

261 2370 303 2413 z)
332 2367 461 2414 Κρήτ
470 2370 547 2414 ην]
578 2363 729 2412 Κρητήν
745 2367 842 2400 falso
864 2371 1025 2399 accentu
1044 2364 1187 2410 priores
1204 2363 1298 2397 Edd.
1322 2362 1440 2397 Lehm.

259 2428 308 2470 a)
336 2424 359 2460 οῗ
369 2439 389 2460 ν
401 2439 425 2460 α
436 2439 449 2459 ι
461 2438 480 2470 ρ
493 2422 516 2470 ή
529 2436 548 2459 σ
558 2426 606 2471 ῃ]
633 2425 722 2467 „Sic
742 2434 784 2456 ex
803 2424 842 2456 C.
854 2434 922 2467 pro
943 2422 1096 2467 vulgato
1117 2418 1294 2467 ἐναιρήσῃ
1313 2419 1477 2475 restituit
1489 2418 1650 2455 solanus.
1655 2420 1684 2440 “

258 2472 308 2514 h)
338 2469 546 2517 Εἰρήνῃ]
570 2468 696 2514 ,,Εἰρ’
675 2481 753 2514 Just
775 2469 871 2502 male
893 2469 935 2502 C.
939 2470 965 2488 ‘⁶

263 2518 307 2561 c)
333 2513 912 2570 καταμεμυττωτευμένα]
939 2515 998 2547 Ita
1015 2524 1057 2546 ex
1075 2512 1314 2567 Aristophane
1337 2510 1419 2556 ipso
1437 2511 1522 2546 Pac.
1539 2523 1574 2547 v.
1600 2523 1680 2559 247.

307 2563 452 2596 correxi
471 2563 602 2596 vitium
621 2563 816 2606 vulgatum
833 2556 1191 2614 καταμεμυττομένα.
1235 2558 1355 2591 Lehm.

264 2608 310 2650 d)
333 2621 361 2642 π
371 2621 386 2643 ε
397 2608 440 2652 ρὶ
466 2609 488 2651 β
499 2620 522 2641 α
533 2619 552 2642 σ
563 2609 655 2644 ιλε’
641 2622 654 2642 ι
665 2621 688 2642 α
700 2609 742 2651 ς]
766 2609 890 2652 (Lege
908 2602 1009 2650 παρὰ
1027 2603 1234 2651 βασιλέως.)
1261 2603 1378 2636 Solan.
1426 2602 1475 2636 Et
1492 2602 1546 2636 sic
1563 2603 1681 2637 edidit

308 2656 559 2687 Sclzmiederus.
605 2655 777 2694 Rectius,
804 2654 955 2698 opinor,
980 2652 1202 2701 corrigatur,
1228 2661 1331 2702 παρα
1349 2650 1509 2694 βασιλεῖ,
1534 2655 1576 2683 ut
1594 2659 1681 2682 mox

309 2701 503 2745 scriptum.
555 2699 722 2734 Omnino
748 2705 866 2733 scatet
884 2698 957 2731 hoc
974 2696 1149 2731 Scholion
1168 2696 1266 2728 vitiis
1288 2696 1415 2737 variis,
1444 2706 1537 2747 quae
1556 2695 1682 2728 offen-

308 2746 393 2791 des,
421 2746 472 2791 si,
498 2744 589 2791 quid
615 2751 746 2781 auctor
766 2745 837 2782 sibi
865 2742 1046 2789 voluerit,
1071 2747 1243 2779 accurate
1262 2740 1549 2788 investigaveris
1595 2741 1679 2777 Sta·
