1781 3174
204 166 305 228 460
558 168 1311 223 AuNo‘rAErioNEs

203 300 406 331 terutram
429 304 576 330 vocem
602 297 817 342 oportere:
848 297 941 328 utra
962 302 1062 328 vero
1081 289 1138 327 sit
1156 289 1201 328 in
1223 288 1534 342 possessionem
1557 287 1665 330 inte.

204 362 318 402 gram
348 345 636 397 immittenda,
682 346 774 384 sine
803 344 1036 384 codicibus
1069 345 1239 385 arbitris
1285 344 1456 384 decerni
1487 346 1663 413 nequit,

203 419 301 442 nam
331 404 366 442 si
400 413 589 443 veterum
617 401 975 470 philosophorum
1007 402 1262 442 auctoritate
1290 401 1516 450 stabimus,
1546 399 1668 443 ἄνοια

204 473 294 500 non
321 460 461 498 minus
501 472 626 511 quam
654 455 800 512 α’γνοια
839 457 968 495 vitam
995 457 1219 497 humanam
1247 459 1438 497 infestat.
1497 454 1669 500 ’Ἁνοιαν

204 515 427 570 equidem,
461 513 678 553 adsiduam
709 513 949 557 mortalium
979 515 1176 553 comitem
1199 524 1240 555 et
1259 524 1442 583 pestem,
1476 515 1668 567 quamvis

203 587 271 612 me
299 586 387 609 non
419 571 560 625 fugiat
580 569 725 609 Cebetis
754 569 862 608 illud
884 573 1085 623 poculum
1112 569 1268 624 πλάνης
1287 588 1353 612 και
1372 568 1561 625 ἀγνοίας,
1595 570 1668 609 cui

203 626 447 682 ἀφροσύνην
478 626 581 664 alibi
618 626 785 692 jungit,
830 626 932 663 hinc
962 640 1177 667 removere
1205 628 1352 668 nolui:
1396 640 1496 665 mox
1527 636 1668 666 autem

204 684 304 722 ideo
324 683 457 736 magis
477 697 519 735 Ρ.
509 686 637 733 iacet,
672 699 823 723 τουτων
841 682 883 723 δὲ
900 679 927 733 ἡ
948 680 1067 724 α’νοια
1085 683 1178 734 μὲν,
1212 682 1327 736 quod
1348 682 1489 721 statim
1511 678 1671 736 ἀμαθία

203 740 318 778 nihil
341 731 569 776 admodum
603 715 700 775 a'b'
678 740 819 794 αγνοία
847 737 1046 777 differens
1069 739 1371 806 subsequatur.
1404 737 1505 778 vide
1527 748 1669 778 tamen

202 811 237 839 c
261 802 326 838 21
359 796 541 833 HEMST.
600 793 667 832 Ibi
689 795 771 833 alia
801 804 863 834 est
882 795 1014 845 ratio,
1047 808 1125 834 nec
1148 793 1290 865 α’γνοια
1308 791 1417 836 καὶ
1390 813 1416 848 η
1442 790 1573 847 ἀπάτη
1597 795 1671 834 illa

204 851 393 891 conferri
414 860 558 903 potest
583 865 676 888 cum
707 850 775 888 his
805 850 967 900 verbis,
1002 825 1047 888 in
1078 851 1232 904 quibus
1262 850 1418 905 ἀμαθία
1437 851 1669 890 manifesto

206 907 468 947 discernitur
496 906 545 944 ab
570 921 644 957 eo,
678 906 793 961 quod
823 906 1064 959 praecedit,
1098 908 1232 957 vitio,
1266 910 1356 947 sive
1377 907 1545 972 ἅνοιανῖ
1577 907 1671 947 sive

203 963 371 1018 ἄγνοιαν
393 963 572 1017 cogites.
632 962 766 1014 Atqui
788 962 897 1000 hanc
928 978 1015 1002 non
1039 963 1166 1003 facile
1190 963 1424 1014 discernas,
1457 964 1542 1002 nisi
1563 963 1671 1001 sub-

203 1022 327 1059 tilius
357 1033 443 1058 rem
471 1019 640 1082 exigas,
683 1019 733 1056 ab
765 1015 937 1074 ἀμαθία.
996 1020 1112 1074 Ergo
1139 1020 1366 1074 legendum
1394 1029 1502 1074 puto
1536 1018 1670 1072 α’νοια,

204 1077 339 1130 idque
369 1089 419 1115 eo
447 1077 580 1128 magis
616 1075 750 1114 habeo
781 1089 1024 1129 persuasum
1055 1086 1167 1115 recte
1199 1076 1314 1126 fieri,
1358 1091 1488 1131 quum
1518 1075 1668 1127 α’νοιαι,

205 1132 324 1186 quod
352 1147 447 1171 cum
478 1131 562 1169 hoc
589 1131 700 1169 vitio
723 1145 894 1184 prorsus
931 1146 1166 1185 congruere
1187 1142 1337 1172 auctor
1363 1135 1478 1182 vult,
1511 1147 1671 1171 secun-

205 1189 306 1229 dum
335 1191 563 1256 vulgarem
585 1187 813 1226 lectionem
847 1188 1082 1239 praecedat.
1145 1188 1283 1230 Codd.
1311 1193 1437 1233 3011.
1464 1198 1506 1228 et
1532 1189 1669 1238 Gorl.,

206 1246 283 1301 qui
310 1241 553 1283 exhibent’
537 1240 717 1298 α’γνοιαι,
753 1258 838 1281 non
861 1245 994 1298 magis
1015 1257 1081 1282 me
1104 1243 1147 1284 h.
1170 1248 1198 1285 1.
1221 1255 1416 1295 movent,
1452 1259 1575 1298 quam
1597 1244 1672 1284 So-

203 1302 292 1343 lani
308 1300 518 1353 judicium
543 1311 583 1337 et
605 1299 844 1338 Schmiecleri
863 1301 1107 1342 auctoritas.
1152 1301 1263 1339 Nam
1287 1302 1415 1340 facile
1434 1315 1511 1354 pro
1535 1317 1672 1342 ανοιαι

204 1357 337 1397 scribi
354 1364 522 1409 poterat
542 1353 711 1410 ἄγνοιαι.
774 1356 969 1394 Ceterum
992 1370 1084 1394 cum
1102 1359 1199 1395 loco
1223 1357 1409 1396 Charon.
1434 1372 1469 1398 c.
1481 1362 1548 1400 21.
1568 1370 1670 1395 con·

203 1413 309 1454 ferri
342 1420 487 1465 potest
517 1413 687 1455 Timon
720 1425 753 1453 c
781 1417 849 1455 27.
885 1411 1239 1464 quemadmodum
1281 1427 1373 1451 cum
1406 1412 1490 1451 hoc
1520 1422 1669 1452 nostro

204 1470 378 1509 Timon
407 1483 440 1509 c
465 1473 534 1512 28.
557 1467 632 1505 ubi
654 1468 706 1507 ob
740 1467 1036 1520 piaecedentia
1058 1465 1133 1521 ἦ’
1107 1486 1248 1523 αγνοια
1270 1466 1382 1510 καὶ
1355 1486 1380 1522 η
1403 1467 1533 1522 aizoi-m
1554 1469 1672 1508 Len-

204 1528 341 1580 nepius
359 1539 437 1577 pro
460 1523 581 1566 ἄνοια
601 1525 688 1578 legi
712 1522 892 1562 voluit
875 1522 1041 1578 α’γνοια,
1073 1525 1166 1563 sine
1186 1527 1272 1562 ulla
1295 1525 1568 1576 necessitate,
1600 1539 1672 1564 co·

207 1581 374 1620 dicibus
398 1594 484 1618 non
508 1579 821 1619 addicentibus.
880 1580 989 1619 Nam
1013 1594 1119 1634 quae
1139 1595 1271 1632 supra
1285 1580 1396 1619 dicta
1420 1591 1508 1620 erat
1529 1581 1673 1636 ἄγνοια

204 1637 454 1687 hominum,
486 1651 575 1675 eam
600 1638 749 1674 Plutus
769 1635 1054 1675 declarave1at
1083 1637 1167 1675 illis
1187 1636 1393 1686 insidere,
1427 1639 1672 1691 priusquam

206 1694 299 1747 ipse
317 1693 368 1731 ad
395 1707 467 1732 eos
487 1692 655 1739 veniat,
689 1702 730 1731 et
761 1691 992 1745 impedire,
1027 1706 1113 1744 quo
1145 1693 1284 1730 minus
1314 1694 1450 1745 ipsius
1477 1694 1674 1732 foedita-

205 1760 290 1790 tem
317 1758 572 1802 agnoscant.
606 1747 679 1787 sed
709 1761 817 1800 quae
850 1747 1003 1787 deinde
1034 1749 1200 1786 sistitur
1222 1745 1362 1799 ὄῖνοια,
1395 1750 1441 1788 in
1470 1749 1524 1787 iis
1549 1749 1670 1789 vitiis

207 1815 295 1855 est,
329 1819 436 1858 quae
457 1805 586 1843 simul
612 1819 704 1843 cum
734 1804 897 1843 Pluto'
885 1819 929 1842 in
959 1803 1180 1843 domicilia
1199 1815 1242 1843 et
1264 1805 1426 1844 animos
1448 1804 1672 1844 hominum

206 1876 298 1902 sese
321 1862 565 1899 insinuant:
601 1860 792 1900 diversos
812 1860 1158 1914 igiturLucianus
1170 1863 1262 1900 vult
1281 1861 1452 1899 habitus
1468 1860 1671 1915 intelligi,

204 1918 479 1971 Ignorantiam
500 1931 685 1955 caussam
699 1948 711 1967 ,
742 1918 973 1956 Amentiam
991 1916 1182 1956 effectum
1205 1917 1366 1970 recepti
1385 1918 1516 1956 Pluti.
1577 1917 1674 1955 Uti-

206 1976 307 2014 liter
326 1974 638 2026 comparabitur
662 1973 789 2012 etiam
809 1976 929 2011 locus
951 1974 1022 2012 De
1041 1972 1204 2011 Sacriff.
1226 1982 1333 2014 extr.
1393 1973 1520 2014 Jam'
1508 1988 1553 2012 m
1574 1973 1617 2012 h.
1639 1975 1670 2014 l.

208 2030 408 2069 Amentia
429 2029 589 2068 dicitur
608 2032 950 2083 ξυναναμεμίχθαι
968 2027 1116 2078 αὐτοῖς,
1148 2046 1216 2070 και
1237 2027 1596 2081 ξυμπολιτεύεσθαί
1611 2046 1669 2085 γε,

208 2084 260 2138 νὴ
284 2089 386 2136 Δία,
418 2087 487 2127 καὶ
515 2083 557 2127 vd
593 2092 708 2139 μῖσος
729 2095 809 2124 etc.
837 2085 879 2124 h.
906 2100 938 2126 e.
959 2089 1180 2125 conversari
1200 2102 1287 2125 cum
1306 2086 1546 2137 hominibus,
1579 2087 1675 2140 quin

210 2146 350 2192 etiam,
384 2141 490 2195 quod
513 2144 588 2181 vix
616 2142 776 2192 credas,
809 2141 1054 2182 domicilium
1083 2143 1275 2180 intereos
1298 2145 1355 2195 fig
1356 2158 1442 2194 ·eze;
1473 2158 1522 2181 ac
1548 2157 1674 2196 prae—-

210 2210 313 2238 terea
333 2198 465 2237 odium
485 2208 565 2237 etc.
623 2199 835 2237 Pervertit
851 2197 1103 2238 sententiam
1122 2197 1318 2236 codicum
1340 2201 1464 2242 2954.
1486 2206 1528 2236 et
1546 2202 1671 2241 3011.

211 2255 341 2293 lectio
373 2277 426 2284 —
456 2252 798 2306 ξυμπολιτεύεται,
828 2256 895 2296 καὶ
914 2251 963 2306 νὴ
988 2256 1067 2295 Δία
1089 2251 1220 2296 καὶτὸ
1242 2259 1378 2308 μῖσος,
1411 2253 1532 2307 quasi
1549 2252 1675 2306 juris-

211 2310 382 2364 jurandi
406 2312 588 2349 formula
613 2310 665 2348 ad
686 2308 729 2352 τὸ
753 2317 868 2365 μῖσος
891 2320 933 2350 et
955 2324 1015 2363 sq.
1047 2310 1106 2348 sit
1126 2309 1368 2360 referenda,
1400 2323 1506 2363 quae
1529 2323 1675 2348 neces-

213 2367 325 2404 sario
346 2366 396 2404 ad
420 2367 671 2406 antecedens
693 2369 808 2422 ξυμπ.
831 2367 1038 2420 pertinet:
1059 2383 1102 2421 γε
1127 2366 1171 2403 in
1193 2365 1271 2405 hac
1297 2366 1478 2404 formula
1504 2365 1674 2417 saepius

213 2436 239 2460 a
261 2422 445 2460 librariis
475 2426 740 2476 neglectum,
774 2433 821 2462 ut
845 2423 978 2461 Dian.
998 2423 1153 2462 Mortt.
1176 2422 1238 2468 X,
1271 2427 1308 2464 8.
1369 2420 1559 2459 Omnino
1586 2419 1674 2461 vid.

214 2477 376 2518 Adnot.
400 2478 451 2516 ad
474 2479 614 2519 Proin.
637 2479 684 2518 in
705 2479 833 2520 Ve1b.
854 2494 888 2520 c.
913 2484 952 2523 6.
977 2480 1072 2518 Vol
1093 2478 1130 2522 I.
1149 2493 1193 2531 p.
1213 2482 1310 2520 227.
1350 2478 1505 2516 Limum

329 2589 632 2656 Pssg359-1·4.
667 2588 922 2644 Ἐκπληττει)
949 2586 1196 2642 Ἐκπλήττω,
1228 2589 1375 2642 inquit
1406 2590 1545 2629 leom.
1566 2587 1677 2629 Ma-

214 2647 356 2701 gis-ier,
389 2643 436 2687 οὐ
468 2643 592 2697 μόνον
615 2646 658 2689 τὸ
688 2651 744 2696 εἰς
775 2650 959 2700 ἔκπληξιν
980 2645 1086 2701 α’γω,
1119 2643 1216 2687 αλλα
1245 2647 1310 2686 καὶ
1332 2644 1376 2687 τὸ
1401 2643 1672 2716 ἐκπλήττομαι

219 2702 328 2752 dmg
346 2703 615 2752 onmavdg'
597 2721 639 2745 εν
657 2721 710 2746 τω
732 2701 883 2759 Χάρων
902 2702 928 2756 η’
943 2702 1297 2751 ’lincononofivceff
1330 2699 1558 2751 ἐκπληττειν
1574 2701 1675 2742 ἐνίο-
