1781 3174
234 153 333 200 438
585 156 1344 191 ADNOTATtoNES

237 280 284 302 ne
305 258 522 313 intelligens
546 255 700 313 quidem
722 254 837 309 (tum
860 253 953 292 scil.
977 267 1107 307 quum
1128 263 1319 293 mortuus
1341 253 1472 306 erit),
1502 258 1699 310 quomodo

238 319 306 359 ille
324 315 572 370 (Θάνατος)
595 315 721 366 ipsum
739 309 1034 364 supplantando
1058 310 1247 365 dejecerit.
1302 308 1580 355 ’Τποσκελίσει
1600 328 1700 356 vero

241 378 366 430 plane
388 373 516 413 alium
530 401 542 420 ,
575 381 758 421 eumque
778 366 963 405 alienum
977 396 989 416 ,
1021 366 1237 419 praeberet
1256 381 1447 406 sensum:
1479 385 1526 407 ηε
1547 369 1704 410 intelli-

238 446 333 485 gens
349 428 528 484 quidem,
557 429 721 475 (nunc,
754 437 883 475 quum
908 436 951 462 se
981 432 1204 475 tantopere
1238 421 1389 473 inflat)
1410 425 1604 477 quomodo
1636 426 1704 466 ille

239 491 366 541 ipsum
388 485 602 538 dejecturus
617 482 679 520 sit.
739 481 858 518 Haec
881 488 998 531 patet
1038 493 1131 517 cum
1153 482 1508 532 καταπαλαισθεὶς,
1542 482 1587 519 in
1617 496 1702 535 quo

241 544 449 582 Futurum
473 547 665 578 exactum
684 538 813 584 latet,
847 535 1069 573 conciliari
1098 550 1184 574 non
1208 549 1345 588 posse.
1406 538 1542 590 Atqui
1576 548 1704 577 notus

241 608 306 639 est
326 598 397 636 hic
415 592 657 635 Praesentis
685 606 786 630 usus
810 600 853 630 et
877 591 1256 630 Grammaticorum
1279 606 1447 646 quoque
1471 594 1706 647 praeceptis

241 654 472 694 stabilitus.
504 651 638 690 Deor.
653 649 787 688 Dian.
806 647 943 691 XXV,
963 653 1003 690 2.
1065 647 1138 686 Sol
1157 662 1199 687 se
1219 662 1422 689 excusans
1441 649 1556 699 Jovi,
1592 649 1709 703 quod

243 710 333 749 filio
371 721 539 747 currum
561 720 684 744 suum
706 703 984 754 commiserit,
1017 712 1178 743 narrat:
1208 702 1557 760 ἀναβιβασάμενος
1584 707 1647 748 ἐπὶ
1666 704 1711 748 vd

242 764 349 819 ἅρμα
367 761 598 816 ὑπεθέμην,
631 760 743 810 ὅπως
756 760 827 813 μὲν
855 777 912 815 χρ
928 758 1191 817 ἠηβεβηκέναι
1223 757 1356 803 αὐτόν.
1417 763 1476 800 Et
1501 761 1709 816 deinceps

242 821 403 862 ibidem
417 853 428 872 ,
459 819 535 858 ubi
558 818 671 857 idem
692 819 766 858 Sol
788 816 919 856 dicit:
951 815 1065 859 εἷπον
1087 816 1130 859 δὲ
1149 818 1216 859 καὶ
1233 814 1372 871 ἡλίκος
1393 816 1416 860 ὅ
1435 820 1645 868 κίνδυνος,
1676 819 1712 860 εἰ

243 876 296 932 μὴ
317 885 395 918 etc.
428 874 677 921 cavendum,
710 888 777 924 ne,
810 887 1063 928 quamquam
1084 878 1244 913 vertas:
1275 874 1453 914 dicebam
1469 891 1557 915 vero
1578 877 1708 924 etiam,

243 946 432 989 quantum
451 930 667 987 periculum
685 941 801 978 esset,
837 930 997 969 Graece
1026 928 1259 968 substituas
1291 926 1365 982 ἦν,
1398 930 1512 986 quod
1540 931 1712 984 quidem

246 987 690 1045 significaretfiisset,·
721 986 795 1026 sed
814 986 1090 1039 subintellige
1108 986 1201 1028 ἐστι’.
1262 986 1390 1040 Quod
1418 997 1558 1026 autem
1580 987 1715 1026 Hem—

245 1047 455 1086 sta-husius
484 1043 762 1099 potissimum
805 1041 978 1082 verbum
1008 1039 1256 1093 ὑποσκελίζει
1297 1042 1602 1083 emendandum
1633 1042 1717 1081 sibi

247 1102 526 1153 sumsit‚hiuc
550 1100 698 1154 colligi
718 1114 840 1154 posse
858 1097 1041 1148 videtur,
1059 1100 1300 1138 universum
1323 1103 1464 1137 locum
1489 1099 1537 1137 ab
1558 1114 1608 1138 eo
1626 1113 1715 1138 non

245 1168 360 1198 recte
391 1172 482 1198 esse
507 1167 690 1209 captum.
751 1157 920 1196 Vertam
951 1156 1105 1210 igitur,
1139 1170 1224 1209 quo
1250 1165 1395 1208 pateat
1422 1169 1559 1209 neque
1586 1156 1717 1208 impe-

249 1214 378 1253 ditam
401 1228 489 1254 esse
507 1216 596 1265 ejus
617 1222 885 1260 structuram,
908 1225 1046 1262 neque
1068 1211 1287 1251 obscurum
1309 1226 1502 1250 sensum:
1533 1212 1717 1266 Ecquan-

247 1282 289 1310 to
309 1272 454 1325 majori
465 1272 554 1322 jure
577 1271 593 1318 (
611 1268 796 1318 Graeci)
818 1284 878 1306 mc
897 1267 1079 1317 laudent,
1113 1271 1180 1322 qui
1196 1271 1323 1322 ipsum
1342 1268 1415 1306 tibi
1434 1267 1629 1307 Ziffilonem
1641 1283 1719 1306 non

248 1330 307 1366 iia
332 1326 456 1365 multo
474 1336 564 1379 post
583 1326 895 1377 comprehensum
915 1326 1115 1377 imponam
1134 1324 1355 1378 cymbalae,
1389 1324 1548 1378 quando
1575 1327 1717 1362 venerit

250 1383 306 1421 acl
335 1399 428 1431 nos,
468 1382 518 1420 ab
549 1383 804 1420 invictissimo
836 1379 1170 1432 adversariorum,
1203 1396 1229 1418 α
1256 1381 1414 1430 Morte,
1448 1379 1634 1432 dejectus,
1668 1395 1719 1419 ac

251 1455 297 1478 nc
315 1439 533 1491 intelligens
555 1436 731 1491 quidem,
764 1451 844 1491 qua
861 1439 1012 1475 ratione
1032 1437 1150 1476 Mors
1172 1438 1297 1490 ipsum
1318 1439 1584 1489 prostraverit.
1647 1436 1717 1474 Sic

252 1505 295 1534 et
317 1496 419 1533 olim
441 1508 520 1548 ego
542 1497 683 1532 locum
719 1493 896 1531 omnino
927 1491 1096 1546 quidem
1127 1493 1346 1538 intellexi,
1388 1506 1637 1546 quamquam
1671 1493 1716 1530 in

252 1551 434 1606 singulis
454 1548 721 1604 explicandis
746 1558 857 1595 erat,
890 1547 965 1586 ubi
993 1550 1229 1601 paullulum
1255 1562 1444 1589 errarem.
1477 1549 1637 1589 Laum-

363 1629 466 1669 Eud.
495 1632 524 1669 1.
554 1632 594 1673 5.
644 1629 690 1669 Τι’
718 1621 847 1680 οὖνς)
887 1626 1026 1676 Vide,
1082 1641 1189 1683 quae
1216 1627 1461 1667 notavimus
1499 1626 1551 1666 ad
1581 1627 1733 1667 Diam

250 1687 404 1728 Mortt.
428 1686 492 1736 X,
520 1690 560 1729 4.
593 1686 778 1725 HEMST.
892 1684 897 1689 ’

364 1754 468 1794 Εαᾶ.
490 1757 515 1795 l.
537 1758 604 1796 10.
629 1749 816 1805 Ἐμπίδα)
848 1752 969 1790 Diale
989 1752 1140 1793 ἐλπίδα.
1172 1753 1350 1791 Bonan.
1410 1751 1590 1791 Pulchre
1608 1753 1720 1803 ἐμπί-

252 1814 302 1854 δα
320 1825 399 1864 pro
430 1813 603 1864 vulgato
636 1810 775 1850 ἐλπίδα
802 1808 998 1860 reposuit
1022 1807 1325 1855 Βοανᾶεἷονίιιε,
1357 1807 1431 1846 sed
1465 1822 1541 1860 pro
1575 1806 1718 1858 ὅπως,

255 1867 437 1923 quodin
467 1867 594 1906 editis
625 1875 709 1914 est,
753 1863 1023 1903 scribendum
1055 1863 1185 1912 ὅπως·
1227 1862 1298 1917 οὐχ
1327 1863 1437 1912 ὅπως
1464 1873 1527 1902 est
1557 1863 1721 1905 nedum:

253 1938 354 1962 usus
374 1924 500 1963 etiam
521 1932 584 1962 est
604 1923 649 1960 in
668 1921 922 1960 Prometheo
944 1930 985 1959 et
1009 1920 1126 1958 alibi.
1157 1921 1335 1961 GRAEV.
1394 1921 1446 1959 In
1459 1920 1508 1958 B.
1524 1925 1563 1963 2.
1596 1934 1722 1974 quam

254 1983 423 2019 secutus
459 1979 634 2018 videtur
658 1977 960 2026 Bourdelotius,
1002 1976 1201 2015 mendose
1233 1977 1452 2030 legebatur
1487 1978 1649 2018 ἐλπίδα·
1681 1985 1724 2016 at

255 2036 290 2075 si
312 2037 414 2075 alias
434 2036 715 2088 inspexisset,
748 2044 881 2079 recte,
913 2043 962 2071 ut
989 2032 1061 2071 hic
1083 2032 1223 2082 vides,
1255 2033 1437 2087 legisset.
1469 2034 1635 2074 SOLAN.

368 2114 467 2167 Peg.
491 2119 557 2158 48.
579 2117 606 2152 1.
629 2118 666 2156 4.
692 2111 935 2154 Ἐλασείοντι
955 2113 1021 2154 ἐπὶ
1041 2110 1125 2166 A.)
1160 2112 1341 2166 Ingenio
1365 2112 1541 2152 Luciam·
1558 2111 1722 2151 facetis-

255 2171 459 2223 simisque
491 2170 602 2224 jocis
635 2171 694 2208 ita
728 2169 936 2218 delector,
979 2177 1028 2206 ut
1057 2169 1131 2221 qui
1161 2168 1369 2214 maxime3
1415 2182 1554 2221 neque
1583 2178 1722 2206 tamen

257 2231 347 2280 ejus
375 2227 496 2265 dotes
525 2237 610 2264 tam
645 2226 792 2278 inepte
826 2224 1032 2272 admiror,
1074 2234 1144 2273 ut,
1182 2223 1219 2263 si
1252 2222 1356 2275 quid
1389 2223 1723 2275 reprehensione

258 2284 434 2337 dignum
461 2282 695 2332 admiserit,
730 2281 1017 2320 excusandum
1038 2289 1195 2333 putem.
1255 2280 1363 2319 Sane
1383 2282 1560 2328 mallem,
1593 2293 1724 2333 quan-

257 2339 312 2377 do
338 2339 538 2378 historias
561 2350 752 2388 veteres,
787 2336 902 2391 quod
925 2351 1048 2389 saepe
1069 2339 1200 2382 solet,
1233 2336 1429 2388 attingit,
1462 2350 1636 2374 examen
1658 2349 1722 2374 ac-

257 2395 444 2434 curatius
464 2398 749 2449 majoremque
770 2408 907 2432 curam
930 2392 1218 2442 adhibuisset,
1252 2400 1293 2430 et
1315 2401 1474 2443 partam
1498 2391 1724 2445 elegantis·

259 2452 389 2490 simae
417 2451 650 2490 venustatis
670 2450 840 2490 laudem
860 2449 944 2487 hoc
963 2462 1135 2502 quoque
1155 2463 1242 2486 non
1264 2446 1343 2486 vili
1365 2447 1494 2486 titulo
1517 2449 1725 2485 cumulas-

259 2517 336 2547 set.
407 2507 557 2559 Nuper
588 2506 814 2545 admodum
849 2505 1047 2557 Assyrios
1091 2504 1150 2541 ait
1178 2517 1200 2542 a
1231 2502 1344 2555 Cyro
1377 2502 1594 2553 devictos,
1640 2517 1725 2542 ex-

260 2573 580 2616 pugnatamque
601 2577 689 2602 esse
711 2561 997 2614 Babylonem3
1032 2574 1146 2597 nunc
1181 2573 1307 2611 porro
1338 2558 1533 2598 meditari
1562 2559 1724 2611 Cyrum

261 2617 579 2671 expeditionem
602 2619 645 2656 in
677 2617 884 2669 Lydiam,
919 2626 967 2655 ut
996 2615 1197 2655 Croesum
1227 2614 1465 2665 adoriatur,
1506 2628 1723 2668 regnoque

263 2675 433 2728 spoliet.
493 2674 545 2712 In
584 2673 652 2712 his
694 2673 797 2713 ordo
830 2687 966 2713 rerum
1015 2680 1224 2727 gestarum
1261 2685 1348 2711 non
1393 2680 1584 2712 constat:
1624 2684 1721 2710 nam
