1781 3174
539 198 624 230 11⁴³
693 197 1198 232 CATAPLUM.
1500 193 1598 241 605

131 297 397 358 ὑπαγάγωμαι
424 299 620 346 Πισίδας,
652 297 720 339 καὶ
748 294 903 346 Λύδοις
930 298 1064 341 ἐπιθῶ
1078 297 1175 349 τούς
1203 296 1381 355 φόρους,
1424 302 1597 345 videtur

133 360 270 398 fuisse
289 369 495 410 tyrannus
515 352 730 407 cujusdam
750 355 866 392 urbis
888 355 932 392 in
952 356 1145 408 partibus
1166 356 1315 397 Cariae
1343 362 1409 398 vel
1426 360 1592 401 Ioniae.

133 416 180 454 Si
205 415 299 468 quis
320 414 370 453 de
393 427 442 452 eo
476 413 654 451 certiora
684 411 896 461 docuerit,
939 411 1107 452 beabit:
1145 414 1189 451 in
1224 429 1274 453 eo
1307 415 1419 454 enim
1455 418 1594 457 fateor

132 471 418 526 ignorantiam
440 483 584 509 meam.
617 468 767 506 PALM.
826 468 1038 521 „Ignotus
1061 479 1123 508 est
1141 470 1533 525 hicDsIegapenthes
1548 474 1593 512 in

132 543 270 569 rerum
292 526 497 564 historia:
530 525 672 563 fictum
697 522 809 562 haud
831 524 958 564 dubie
988 525 1037 563 ab
1067 526 1162 579 ipso
1196 527 1380 567 Luciano
1411 543 1594 580 nomen,

133 599 218 639 quo
239 586 415 622 maa-ime
434 581 622 620 omnium
643 581 822 620 luctuosa
843 595 930 619 sors
953 584 1124 633 tyranni
1158 583 1430 624 indicaretur.
1490 587 1596 626 Me-

131 640 245 679 nelai
275 639 408 678 filium
452 637 649 677 IIomerus
678 637 920 676 nominavit
946 639 1269 692 ,Megapenthen
1303 640 1593 694 (Odyss.IV.

132 702 197 740 11.
221 696 324 744 XV,
347 701 442 739 122.
460 698 486 744 ).
520 693 723 746 Lacyden
749 692 916 748 quidem
946 696 1145 733 novimus
1170 697 1476 750 philosophum
1498 699 1595 752 Cy-

128 753 360 801 renaicum,
374 753 447 806 qui
463 751 693 791 Ptolemaei
707 751 942 804 Evergetae
957 761 1092 791 aetate
1106 754 1218 791 vixit
1233 753 1402 793 circiter
1418 755 1592 809 Olymp-

130 814 226 854 134.
288 808 373 849 Sed
395 823 446 846 an
471 809 544 846 ille
567 807 762 847 habuerit
783 805 940 856 filium,
975 817 1017 846 et
1039 809 1072 845 si
1092 808 1268 856 habuit,
1302 825 1353 848 an
1376 810 1446 849 hic
1478 811 1593 850 filius

127 864 400 917 tyrannidem
428 865 560 904 fuerit
589 863 788 916 adeptus,
820 863 1054 916 ignoratur.
1069 868 1098 888 “
1155 866 1235 904 His
1256 881 1277 905 a
1299 866 1441 906 Belino
1460 878 1593 906 nota-

128 924 184 961 tis
214 921 386 960 additur
418 922 572 960 citatus
606 919 826 959 Brackerus
845 920 949 959 Inst.
973 918 1070 959 hist.
1106 921 1213 974 phil.
1236 937 1274 975 p,
1298 938 1350 963 m.
1377 929 1467 967 177.
1489 929 1527 974 ὓ.
1550 930 1591 968 4.

128 979 173 1017 in
204 978 507 1030 B1·eclencampii
541 977 793 1030 Excerptis‚
839 991 943 1030 quae
976 979 1177 1029 leguntur
1208 979 1253 1016 in
1287 979 1590 1023 Commentatt.

125 1035 373 1090 Philologg.
394 1049 416 1074 a
435 1034 626 1088 Rupertio
656 1044 697 1073 et
721 1032 1047 1072 Schlichthorstio
1068 1035 1195 1074 editis
1217 1037 1312 1077 Vol.
1335 1036 1386 1077 V.
1408 1051 1501 1092 pag.
1521 1042 1590 1081 71,

121 1093 277 1132 LmrM.

238 1146 340 1187 Ead.
364 1151 394 1192 l,
414 1151 456 1191 4.
489 1144 746 1199 Αὗτόμολος)
784 1147 917 1197 Ultro,
949 1160 1108 1202 sponse,
1143 1165 1168 1187 α
1196 1152 1344 1189 nemine
1368 1154 1587 1191 arcessitus.

123 1206 270 1246 Bnon.
332 1206 414 1246 MS.
437 1206 544 1258 Reg.
563 1210 685 1248 3011.
719 1203 952 1258 αὐτόματος,
984 1205 1192 1259 probante
1212 1207 1263 1246 B.
1287 1207 1332 1245 cle
1348 1208 1458 1247 Ball.
1491 1210 1587 1247 Bu».

123 1263 184 1301 Et
195 1261 463 1301 Schmiederus
486 1261 645 1313 recepit
665 1256 903 1313 αὐτόματος,
937 1261 1050 1314 quod
1071 1262 1176 1299 mihi
1201 1262 1310 1301 nihil
1332 1264 1502 1303 videtur
1522 1279 1590 1303 es-

123 1333 194 1366 se,
234 1319 318 1356 nisi
343 1322 539 1372 vulgatae
572 1317 690 1355 vocis
722 1318 1157 1370 interpretamentum.
1221 1319 1427 1359 Conferas
1457 1320 1585 1359 modo

122 1375 339 1413 simillima
362 1375 434 1413 illa
458 1374 503 1412 in
533 1374 607 1412 Bis
637 1374 787 1412 Aecus.
816 1388 848 1415 e.
869 1379 934 1416 17.
967 1373 1042 1412 ubi
1074 1374 1123 1414 de
1155 1375 1388 1414 Polemone
1420 1375 1590 1417 Acade-

121 1432 228 1470 mia:
261 1433 326 1472 καὶ
347 1433 478 1479 τέλος,
508 1426 689 1480 ἀποδρὰς
707 1428 834 1483 ὥςπερ
859 1429 982 1484 εἶχεν,
1013 1427 1263 1484 ηὐτομόλησε
1279 1430 1378 1486 παρ’
1404 1434 1487 1485 ἐμὲ,
1521 1432 1589 1474 01'1'-

121 1505 162 1530 τε
193 1489 534 1539 ἐπικαλεσαμένης,
566 1484 655 1528 οὔτε
680 1488 941 1540 βιασαμένης,
977 1484 1029 1535 ὥς
1058 1483 1157 1541 αὐτή
1193 1503 1331 1539 φησιν,
1366 1491 1476 1541 ἐμοῦ,
1499 1486 1585 1530 ἄλλ’

121 1543 228 1587 ἑκών
248 1541 370 1591 αὐτὸς
395 1543 541 1598 ἀμείνω
561 1548 683 1584 ταῦτα
708 1542 811 1585 εἶναι
842 1541 1147 1597 ὖπολαμβάνων.
1208 1545 1333 1585 Unde
1358 1548 1484 1584 simul
1508 1561 1588 1600 pa..

120 1599 251 1651 tebit,
283 1600 424 1640 Belino
446 1600 571 1641 verba
591 1605 811 1649 καλοῦντος
839 1598 1009 1654 μηδενὸς
1039 1600 1196 1655 injuria
1226 1616 1304 1655 pro
1335 1604 1586 1656 glossemate

119 1657 331 1712 ejicienda
356 1671 444 1697 esse
466 1657 571 1697 visa.
601 1657 758 1700 meM,

233 1737 336 1777 Ead.
359 1740 386 1776 l.
406 1741 446 1780 7.
472 1732 688 1789 “Ημιτελής
709 1733 730 1777 ὅ
752 1735 899 1790 δόμος)
929 1737 1047 1775 Haec
1069 1735 1120 1775 ad
1142 1736 1418 1777 Homericum
1437 1739 1587 1779 Prote-

124 1793 274 1833 silaum
298 1793 499 1833 videntur
516 1802 716 1844 spectare.
748 1795 892 1833 Bnon.
952 1795 1043 1835 Jam
1065 1793 1142 1832 hac
1165 1793 1216 1833 de
1245 1809 1287 1833 re
1314 1794 1501 1834 diximus
1537 1795 1585 1834 in

121 1851 258 1890 Dian.
280 1851 436 1889 Mortt.
458 1848 609 1900 (XIX,
630 1852 694 1899 1.)
722 1849 816 1888 Vol.
836 1850 971 1889 Flacc.
996 1849 1068 1889 lib.
1088 1855 1126 1893 6.

670 1928 727 1936 ——-
760 1906 918 1959 Conjuoe
934 1906 1156 1945 miseranda
1181 1907 1301 1948 Ca'z'co

338 1963 552 2017 Linquitur
569 1973 603 2001 el
619 1965 747 2015 primo
766 1963 902 2002 (lomus
919 1964 1148 2018 imperfecta
1171 1964 1306 2005 cubili.

119 2019 191 2060 Sic
213 2029 362 2073 postea
384 2018 511 2068 ἀτελὲς
528 2021 635 2072 μένει
652 2019 694 2061 τὸ
713 2027 849 2072 τεῖχος.
881 2020 1059 2060 Eoum).

232 2099 332 2140 Ead.
352 2102 377 2141 l.
404 2104 468 2142 11.
498 2095 774 2150 Ἐπισκήψω)
806 2098 910 2147 Hic,
943 2113 1026 2137 non
1053 2099 1168 2137 utin
1200 2099 1371 2154 Nigrin.
1401 2114 1490 2155 cap.
1515 2107 1582 2147 17.

120 2157 228 2198 Tim.
251 2172 284 2195 c.
308 2161 372 2200 18.
395 2157 498 2196 etin
518 2156 636 2194 Dial.
656 2156 787 2209 Diog.
807 2165 849 2194 et
872 2157 991 2194 Alex.
1012 2156 1102 2194 sive
1125 2156 1255 2194 Dian.
1274 2158 1430 2196 Moru.
1458 2159 1582 2202 XIII,

119 2223 162 2253 et
195 2211 307 2265 apud
342 2212 435 2251 Ael.
468 2213 567 2251 Var.
595 2212 650 2250 H.
684 2213 794 2261 XII,
831 2216 899 2255 49.
939 2212 1128 2250 mandare
1155 2223 1239 2262 est,
1284 2212 1353 2252 sed
1378 2214 1582 2267 indicare,-

118 2270 232 2323 quod
257 2269 432 2307 omnino
455 2268 789 2317 observandum3
820 2270 894 2307 vix
913 2268 1026 2307 enim
1045 2283 1095 2308 eo
1118 2282 1243 2308 sensu
1265 2269 1367 2307 alibi
1380 2271 1578 2324 reperias,

116 2324 216 2366 Vid.
244 2325 468 2380 Thucydid.
493 2326 558 2374 Π,
586 2330 650 2368 73.
684 2327 852 2364 SOLAN.

229 2382 332 2421 Ead.
352 2386 380 2421 l.
406 2387 469 2425 14.
495 2379 699 2433 ’'Apapev)
738 2381 889 2422 Placet.
953 2381 1021 2422 Sic
1048 2385 1172 2421 visum
1201 2393 1267 2421 est.
1309 2381 1492 2436 Aeschyl.
1531 2382 1578 2422 in

116 2438 329 2480 Prometh.
354 2436 544 2490 ’Ἀραρεν,
575 2436 646 2490 ἥδε
673 2433 709 2491 γ’
744 2435 866 2489 ὠλένη
895 2440 1143 2486 ὃυςέκλυτος.
1184 2440 1325 2478 Bnon.
1386 2439 1455 2478 Sic
1477 2453 1580 2492 pas-

115 2493 194 2532 sim
223 2504 343 2533 antea
374 2497 568 2548 κέκριται,
611 2497 754 2544 {vegam
786 2495 961 2534 Bou-nn.
1024 2496 1193 2550 Hesych.
1214 2495 1411 2548 ’“Ἀραρεν,
1442 2493 1579 2547 ἡρμό-

115 2557 221 2602 σθη,
252 2547 278 2602 ἦ
295 2555 447 2604 παγίως
475 2554 644 2601 δέδεται,
677 2550 702 2604 ἠ
736 2552 921 2605 κέκριται.
953 2552 1128 2591 Gunzr.
1189 2550 1286 2594 Vid.
1317 2565 1442 2605 supra
1465 2552 1573 2592 Pisc.

115 2620 150 2645 ο.
171 2613 212 2651 3.
237 2620 299 2660 pr.
332 2608 496 2651 SOLAN.

230 2676 530 2728 Pag·200-1.2·
567 2683 611 2720 Τι
630 2676 756 2736 πρὸς)
787 2678 855 2719 Sic
877 2678 1070 2719 Hermot.
1098 2693 1133 2720 c.
1158 2684 1223 2724 61.
1257 2679 1328 2722 Sic
1344 2682 1456 2726 Dcm.
1484 2688 1576 2729 116.

117 2733 164 2776 C.
189 2743 231 2774 et
250 2739 347 2778 487.
369 2735 419 2775 Β.
449 2734 617 2779 Sonam.
