1781 3174
251 221 352 284 590
603 225 1366 265 AnNo'rA'rroNEs

253 347 326 373 cus
351 344 440 372 esse
467 328 615 383 potuit
643 328 688 366 in
722 340 821 381 pera
845 324 1026 377 Cynici,
1059 323 1266 366 delicatae
1297 325 1414 366 vitae
1444 323 1717 366 adminiculis

252 400 296 430 et
329 386 552 443 praesidiis
589 386 778 437 impleta.
839 383 932 437 Age
961 395 1077 420 nunc
1107 381 1326 421 audiamus
1360 382 1624 438 Seyboldum‚
1656 382 1720 421 sic

252 447 558 486 somniantem:
590 441 756 491 „Innui
780 449 886 493 puto
910 441 1106 489 cultrum,
1137 438 1211 491 qui
1235 441 1381 491 major,
1415 454 1538 495 quam
1561 440 1609 485 ii,
1642 438 1718 493 qui

254 503 452 544 communi
475 502 563 539 usui
584 496 912 544 adhibebantur,
945 494 1091 544 fuerit,
1121 496 1218 533 talis
1239 495 1418 546 scilicet,
1443 496 1516 549 qui
1538 505 1719 535 mactan-

254 559 320 598 dis
344 558 531 596 victimis
563 553 843 602 inserviebat,
877 565 1086 605 quemque
1109 550 1151 588 in
1185 565 1283 603 pera
1306 552 1540 591 occultavit
1564 551 1722 590 Philo—

252 615 438 668 sophuS‚
470 621 518 651 ut
536 611 690 650 habeat
709 611 872 656 statim,
905 607 1093 662 quicquid
1115 608 1339 661 obtigeritfl
1384 609 1498 647 Mira
1520 609 1719 661 profecto

251 670 488 714 sententia,
524 679 566 707 et
591 668 635 705 in
659 682 701 706 se
725 667 815 719 ipsa
837 665 1080 705 vanissima.
1141 665 1273 704 Porro
1304 678 1426 718 quem
1449 665 1620 705 Solemus
1641 677 1722 703 ex-

253 726 466 782 cogitavit
485 728 624 764 lusum
646 723 868 763 verborum
891 723 1141 774 μαχαιρίδιον
1164 730 1204 759 et
1231 722 1487 775 ἐγχειρίδιον,
1524 719 1723 775 ingenio.

252 799 295 824 se
321 781 491 836 quidem
515 782 644 819 istum
660 813 670 828 ‚
703 778 775 818 sed
798 778 922 816 nimis
946 788 1085 816 tamen
1116 777 1368 827 artificiose,
1401 793 1449 817 ac
1468 793 1602 832 paene
1624 791 1722 830 ope·

251 855 370 886 rose,
403 839 639 893 quaesitum
665 836 837 890 judico,
868 844 1066 887 recteque
1098 843 1246 887 postea
1270 834 1360 887 ipse
1389 835 1426 874 ei
1454 835 1721 874 renuntiasse

250 897 439 936 videtur.
501 892 863 946 Restatjomuium
882 890 1221 943 simplicissima,
1255 900 1303 929 ut
1322 890 1428 928 mihi
1450 890 1647 939 videtur,
1679 900 1722 930 et

250 951 598 1007 probabilissima
619 950 752 998 ratio,
779 963 901 1001 quam
925 948 1050 987 etiam
1076 946 1262 986 Gesner-us
1282 957 1323 985 et
1348 947 1604 996 Wielandius‚
1636 949 1722 987 ele-

251 1008 496 1064 gantissimi
526 1007 634 1056 viri,
668 1006 712 1043 in
744 1003 1013 1044 versionibus
1046 1004 1134 1042 suis
1163 1003 1321 1054 secuti,
1354 1018 1564 1059 quamque
1594 1003 1721 1043 etiam

248 1065 483 1114 Mar-cilius,
517 1076 769 1118 quamquam
792 1075 878 1099 non
901 1060 1117 1099 subtiliter
1137 1060 1238 1098 satis
1257 1059 1369 1099 inter
1392 1064 1575 1099 cultrum
1596 1060 1722 1098 sacri-

251 1123 494 1162 ficatorium
519 1130 560 1159 et
590 1121 800 1171 epularem
824 1116 1117 1171 distinguens,
1151 1119 1368 1168 amplexus
1389 1127 1464 1155 est.
1527 1117 1722 1169 Secespi-

250 1190 334 1218 tam
361 1179 523 1218 Giaece
554 1177 642 1215 fere
673 1178 847 1229 σφαγίδα
877 1173 1111 1222 vocabant,
1145 1176 1397 1227 μαχαιρίδων
1421 1187 1521 1213 vero
1545 1172 1587 1213 h.
1610 1175 1637 1212 1.
1659 1183 1723 1212 est

250 1239 403 1286 culter,
438 1248 523 1286 quo
548 1233 590 1270 in
614 1246 756 1271 mensa
780 1230 1021 1270 utebantur.
1082 1229 1164 1270 Sed
1184 1229 1225 1271 b.
1247 1232 1273 1268 l.
1297 1245 1349 1270 ne
1370 1233 1462 1285 quis
1491 1239 1614 1283 putet
1637 1229 1722 1282 Cy-

249 1294 394 1330 nicum
428 1290 627 1343 vulgarem
659 1291 873 1327 cultellum
908 1287 951 1324 in
987 1301 1084 1339 pera
1121 1295 1325 1340 gestasse,
1371 1300 1622 1340 quamquam
1652 1288 1721 1325 vel

247 1349 345 1386 talis
367 1362 462 1386 cum
489 1345 717 1398 principiis
740 1342 1043 1398 philosophiae
1066 1343 1255 1395 Cynicae
1278 1358 1467 1398 pugnare
1487 1341 1623 1381 videri
1644 1341 1720 1381 de-

247 1405 391 1452 bebat‚
426 1402 598 1442 additur
632 1402 758 1441 etiam
783 1400 976 1449 θυτικὸν,
1009 1399 1049 1441 h.
1070 1414 1106 1438 e.
1133 1401 1266 1438 culter
1291 1401 1335 1437 in
1355 1399 1598 1448 sacrificiis,
1634 1399 1660 1437 i.
1678 1412 1714 1438 e.

248 1461 294 1499 in
327 1460 452 1514 epulis
482 1456 826 1504 sacrificialibus,
860 1455 1073 1501 solennis.
1107 1469 1196 1493 non
1230 1457 1443 1494 communi
1473 1466 1516 1496 et
1548 1455 1717 1510 vulgari

247 1518 346 1556 usui
381 1516 640 1560 destinatus.
676 1528 771 1552 uno*
786 1512 915 1553 verbo
936 1512 1128 1566 epularis,
1163 1512 1230 1549 ein
1261 1513 1538 1561 Festmesser,
1570 1512 1718 1551 Sonu-

245 1584 524 1628 tagsmesser,
557 1585 588 1610 s.
614 1571 894 1619 Gastmesser‚
926 1579 974 1606 ut
1002 1567 1247 1608 Wielandius
1266 1569 1418 1621 vertit3
1450 1572 1569 1622 cujus
1592 1582 1718 1623 gene-

245 1631 303 1668 ris
329 1631 373 1667 in
394 1627 607 1680 Bithynia
634 1626 902 1679 potissimum
941 1625 984 1663 in
1011 1625 1318 1680 elegantiorum
1345 1625 1568 1664 hominum
1596 1639 1716 1663 usum

245 1687 478 1725 fabricatos
501 1694 591 1722 tum
611 1683 816 1735 temporis
833 1682 979 1731 fuisse,
995 1691 1143 1720 auctor
1165 1691 1227 1720 est
1240 1678 1492 1721 Casmebonus
1509 1680 1558 1720 ad
1570 1681 1715 1723 Athen.

244 1758 286 1796 p,
311 1748 407 1787 278.
439 1752 482 1782 et
512 1745 609 1784 279.
670 1738 825 1793 Cogita
860 1740 1026 1792 itaque,
1061 1738 1146 1775 nisi
1180 1738 1240 1776 ita
1273 1738 1399 1778 etiam
1432 1738 1558 1777 scribi
1587 1738 1714 1788 velis,

246 1800 363 1853 quod
387 1813 474 1839 non
497 1796 676 1836 absurde
700 1795 843 1843 fieret,
875 1797 1123 1849 μαχαιρίδων
1152 1793 1470 1845 Βιθυνικὸν,
1501 1797 1569 1833 vel
1590 1800 1717 1835 Βιθυ-

243 1855 331 1898 νόν.
375 1853 504 1910 Quod
532 1853 773 1893 Scholiasta
795 1851 898 1892 haec
920 1853 964 1890 in
990 1851 1258 1904 explicandis
1281 1852 1461 1906 singulis
1480 1850 1605 1904 hujus
1627 1851 1714 1890 loci

243 1913 425 1952 vocibus
451 1911 621 1961 omisit,
652 1913 742 1963 ejus
771 1909 830 1948 rei
856 1908 997 1949 variae
1029 1908 1209 1963 cogitari
1240 1917 1421 1960 possunt
1444 1922 1637 1956 caussae3
1673 1917 1714 1947 et

244 1969 361 2025 quod
394 1983 440 2008 ea
474 1981 620 2006 revera
653 1981 673 2004 a
709 1964 801 2005 cod.
833 1971 958 2010 3011.
986 1965 1166 2014 absunt,
1197 1964 1310 2002 nihil
1341 1964 1384 2002 id
1419 1963 1594 2017 probat,
1627 1964 1713 2002 nisi

241 2025 409 2065 librarii
430 2023 773 2078 indiligentiam3
806 2021 988 2073 certezad
1010 2020 1221 2075 ejicienda
1243 2021 1346 2061 haec
1366 2021 1490 2061 verba
1510 2035 1598 2060 non
1618 2021 1714 2059 suf-

243 2083 359 2121 ficiat
383 2083 462 2120 ista
488 2081 736 2120 auctoritas.
783 2080 940 2117 Lixum.

357 2139 460 2178 Ibisl.
493 2139 575 2179 Καὶ
595 2136 849 2191 κάτοπτρον)
882 2137 998 2174 Haec
1020 2137 1234 2189 eleganter
1254 2133 1365 2188 apud
1377 2133 1504 2188 Apul.
1529 2133 1574 2172 in
1585 2133 1711 2186 Apol.

239 2196 421 2236 Bounn.

353 2254 452 2305 Pag.
481 2255 574 2295 179.
596 2253 624 2289 1.
650 2251 690 2293 5.
719 2246 894 2302 Ἀνδρῶν
928 2250 965 2297 ἐς
985 2245 1081 2298 τοὺς
1108 2247 1303 2301 χρηστούς
1326 2244 1583 2302 μεμιγμένοι)
1614 2244 1710 2285 Alia

240 2310 413 2364 Anglic.
429 2307 533 2348 Cod.
557 2307 712 2346 lectio:
747 2310 787 2348 οἱ
806 2311 955 2358 <patinea
972 2310 1051 2346 τῶν
1077 2302 1235 2356 ἀνδρῶν
1259 2322 1297 2346 τε
1318 2304 1412 2353 τούς
1432 2301 1624 2357 χρηστούς
1645 2319 1708 2353 με·

240 2368 466 2420 μιμημένοι.
499 2367 676 2405 BOURD.
738 2368 795 2404 Σε
816 2381 845 2403 τ.
869 2380 903 2415 χ
925 2380 1113 2415 μεμιμημ.
1142 2363 1190 2402 Α.
1207 2363 1250 2402 P.
1272 2371 1314 2399 et
1335 2362 1388 2399 L.
1412 2360 1495 2399 nisi
1519 2357 1635 2412 quod
1660 2359 1706 2396 in

238 2424 381 2476 A.pr0
406 2438 447 2463 σε
470 2422 630 2474 legitur
650 2437 701 2461 τε.
759 2420 809 2458 In
832 2419 941 2458 Edd.
964 2421 1003 2467 ἐς
1022 2437 1053 2459 τ.
1078 2437 1111 2472 χ.
1133 2420 1374 2473 μεμιγμένοι.
1409 2417 1577 2456 SOLAN.
1639 2414 1706 2453 Ad

239 2480 368 2517 trium
391 2479 560 2518 illorum
587 2476 723 2516 Codd.
752 2476 1048 2515 auctoritatem
1071 2474 1278 2514 accedunt
1299 2484 1340 2512 et
1359 2484 1440 2512 tres
1467 2472 1540 2511 alii
1564 2470 1702 2510 Codd.

237 2549 383 2574 recens
414 2534 582 2583 collati,
616 2537 739 2576 2954.
767 2538 893 2577 3011.
923 2542 963 2571 et
990 2532 1135 2580 GorL,
1169 2531 1243 2583 qui
1270 2540 1311 2569 et
1344 2530 1427 2583 ipsi
1456 2529 1701 2577 lectionem,

235 2591 378 2631 Relino
411 2590 630 2644 probatam
656 2601 699 2629 et
722 2604 742 2628 a
768 2589 1015 2629 Schmieclero
1042 2591 1122 2641 jam
1151 2596 1386 2640 receptam,
1434 2585 1700 2626 confirmant.

239 2649 399 2688 Contra
430 2657 496 2686 tot
522 2662 674 2686 vocum
704 2660 954 2685 consensum
984 2659 1070 2683 non
1094 2643 1272 2696 amplius
1304 2644 1496 2694 profecto
1528 2642 1636 2681 tueri
1658 2655 1700 2680 se

236 2715 381 2759 potest
409 2707 579 2759 vulgata
601 2704 757 2754 lectio,
789 2703 893 2744 licet
916 2716 991 2742 nec
1014 2702 1106 2756 ipsa
1132 2714 1206 2756 per
1236 2715 1279 2740 se
1299 2700 1430 2741 fuerit
1451 2699 1696 2756 spernenda.

235 2762 392 2803 me.
