1781 3174
179 150 283 205 ‘600
539 149 1293 188 ADNo'rA‘rroNEs

296 257 401 299 Εαᾶ
427 259 456 297 1.
482 260 522 303 7
553 255 708 308 Εἴπερ)
740 253 811 294 Sic
834 251 935 294 Cozl.
961 251 1224 291 commodius
1253 267 1380 305 sane,
1410 251 1484 293 sed
1505 261 1646 294 tamen

187 313 381 363 nondum
402 327 587 383 agnosco
610 311 785 351 Luciam·
801 324 984 349 manum.
1025 310 1194 350 SOLAN,

301 371 404 413 Ibid.
456 375 523 418 Τις
552 367 694 417 ἄλλος)
729 365 858 405 Haud
882 365 1030 416 facile,
1063 365 1167 419 quid
1185 366 1289 406 haec
1313 366 1440 407 verba
1466 366 1548 405 sibi
1569 381 1650 406 ve·-

187 430 291 480 lint,
323 426 537 480 expedies
597 423 847 465 Mosellanus
873 422 1078 475 interpres
1100 421 1152 461 ad
1171 423 1338 462 umbras
1360 426 1502 464 refert.
1551 424 1647 477 Ego

190 485 244 534 3ᾶ
264 485 523 537 vespillones
551 489 593 520 et
623 478 836 533 ejusmodi
865 477 1145 517 homunculos
1176 480 1323 518 referii
1345 479 1509 530 malim,
1541 493 1649 533 quos

189 540 422 606 verisimile
443 537 491 576 fit
510 536 683 604 largiter
717 535 861 574 bibere
892 535 1068 584 solitos,
1102 550 1195 574 cum
1214 547 1404 576 mortuos
1428 535 1649 576 efferrent:

191 598 239 637 id
263 597 376 638 enim
403 590 707 649 νεκροπομπὸς,
744 589 860 645 quod
889 590 1141 644 praecessit,
1182 591 1356 633 suadere
1384 592 1560 633 omnino
1594 591 1654 631 vi-

192 654 330 696 detur.
390 650 472 691 Sed
495 665 547 690 ne
567 650 628 689 sic
649 647 820 703 quidem
839 648 940 686 satis
965 647 1177 686 concinna
1195 648 1367 688 videtur
1385 649 1537 688 oratio
1568 648 1653 689 So·

194 725 300 751 LAN.
358 708 452 748 Nec
486 705 594 745 mihi
624 708 823 759 vulgata,
855 702 981 755 ω’ςπερ
1009 721 1068 752 τις
1088 703 1211 769 ,ἄλλος
1239 706 1493 746 satisfecere
1553 705 1654 746 Sive

192 766 307 812 enim
329 763 381 805 de
404 761 715 816 vespillonibus
741 776 834 800 cum
860 760 1029 810 Salano,
1062 760 1152 800 sive
1179 760 1229 800 de
1250 761 1443 800 umbris
1432 760 1537 815 ipsis
1560 776 1656 800 cum

193 821 375 874 reliquis
405 817 711 872 interpretibus
739 816 976 870 plerisque,
1009 817 1138 856 etiam
1175 817 1280 859 Guil
1302 818 1483 871 Langio‚
1520 818 1658 870 (le'c-

192 877 356 925 Zandius
384 885 524 920 autem
558 875 661 914 haec
685 873 810 913 verba
840 887 1011 926 prorsus
1039 888 1126 913 non
1145 874 1356 927 respexit)
1386 874 1574 938 cogitare
1595 877 1661 911 lu..

193 934 315 984 beat,
350 931 552 986 frigidior
581 930 802 984 profecto,
832 932 899 969 vel
922 944 999 981 pro
1025 929 1279 969 Charonei
1267 931 1433 985 ingenii
1465 945 1512 968 ac
1543 929 1661 982 judi-

196 991 257 1035 cii
286 988 486 1037 modulo,
516 986 668 1029 evadet
700 986 853 1026 oratio.
911 987 1058 1025 Multo
1087 987 1226 1025 minus
1253 987 1458 1026 convenit.
1493 985 1663 1026 Goelleri

195 1049 443 1100 conjectura
471 1044 517 1085 in
540 1044 652 1084 Actt.
685 1043 887 1082 Monacc.
911 1044 961 1083 T.
983 1043 1014 1084 Ι.
1037 1057 1079 1107 p.
1099 1048 1196 1087 220.
1224 1043 1469 1096 proposita,
1501 1059 1537 1084 τι
1555 1041 1663 1087 ἄλλο.

195 1103 307 1146 Nam
331 1101 384 1141 ob
404 1115 582 1156 sequens
607 1097 727 1147 αὐτὸς
751 1113 919 1139 necesse
941 1100 1118 1139 omnino
1145 1110 1231 1149 est,
1263 1111 1312 1138 ut
1333 1118 1367 1141 τι
1373 1117 1391 1148 ς
1407 1097 1524 1148 ἄλλος
1547 1113 1665 1152 prae-

197 1158 398 1208 cesserit,
428 1171 516 1196 non
542 1156 750 1196 Neutrum
778 1169 922 1209 genus
983 1154 1101 1206 Quid
1126 1155 1292 1195 multa?
1325 1157 1553 1210 genuinam
1573 1158 1668 1194 lec-

196 1215 362 1256 tionem
380 1222 601 1253 servarunt
621 1211 860 1251 scholiastes
881 1221 923 1251 et
946 1211 1087 1251 Galaei
1109 1212 1368 1252 Collectanea.
1407 1213 1525 1266 Lege
1548 1213 1669 1265 εἴπερ,

200 1281 244 1313 et
272 1270 449 1310 habebis
480 1269 691 1308 Charonis
727 1268 997 1308 sententiam.
1070 1270 1228 1309 Verum
1266 1284 1354 1308 non
1390 1267 1578 1323 urgenda
1606 1277 1670 1306 est

200 1326 465 1380 comparatio
496 1324 701 1379 quaedam
730 1324 942 1363 Mercurii
977 1340 1069 1364 cum
1108 1326 1193 1364 alio
1215 1325 1442 1378 quopiam,
1475 1339 1497 1365 e
1528 1324 1668 1364 verbis

199 1384 314 1424 forte
334 1381 446 1422 nude
468 1382 621 1434 positis
643 1378 932 1433 producenda.
979 1381 1061 1422 Sed
1088 1383 1311 1420 formulam
1329 1396 1452 1445 cape,
1484 1382 1521 1422 εἴ
1532 1398 1590 1429 τις
1605 1379 1670 1422 ἄλ-

199 1445 294 1490 λος,
328 1442 395 1480 vel
425 1440 535 1491 εἴπερ
567 1454 627 1485 τις
656 1434 797 1487 ἄλλος,
829 1451 907 1476 nec
934 1436 984 1476 ab
1010 1438 1105 1476 aIiis
1135 1438 1296 1490 linguis
1326 1437 1443 1475 illam
1473 1438 1668 1484 alienam,

203 1509 288 1550 qua
317 1494 492 1535 omnino
525 1492 740 1532 indicatur
763 1509 936 1532 snnwnus
957 1494 1018 1532 rei
1041 1468 1226 1548 gradUS?
1248 1510 1366 1548 quam
1384 1496 1579 1544 maxime,
1611 1492 1675 1532 'Uel

199 1554 390 1592 maxime.
424 1550 493 1591 Cf.
518 1550 626 1589 Pisc.
651 1563 685 1589 e.
715 1553 779 1591 17.
841 1549 912 1588 Sic
931 1549 1058 1599 haec,
1094 1550 1304 1589 Charonis
1330 1549 1500 1603 quidem
1528 1564 1672 1602 perso-

201 1622 259 1646 na
281 1606 478 1660 dignior,
511 1606 723 1647 sententia
740 1603 945 1655 efficitur,
981 1620 1073 1643 cum
1095 1606 1270 1659 aliqua
1259 1606 1397 1646 ironia
1421 1607 1674 1658 pronuntia-

202 1673 270 1703 ta.
302 1662 540 1702 Praeclarus
568 1660 637 1700 ille
666 1677 752 1700 mo}
755 1672 908 1699 tuorum
933 1661 1143 1711 (ἷειῖιιοέον,
1175 1663 1209 1700 si
1230 1659 1315 1716 qiiis
1333 1662 1456 1709 alius,
1489 1665 1677 1701 terrestris

206 1718 414 1772 cujusdam
434 1719 575 1758 Lethes
596 1716 746 1772 liquore
763 1716 885 1771 (vino,
919 1718 1035 1772 quod
1058 1718 1163 1757 bene
1178 1718 1386 1773 intelligit
1413 1717 1676 1774 Ῑγίεἷαηιῖἰιιε)

204 1775 269 1815 vel
285 1778 462 1814 maxime
480 1785 599 1829 poto,
634 1773 777 1813 oblitus
798 1783 852 1812 est
875 1775 1151 1813 etc.L1211M.

319 1831 426 1877 Eacl
458 1834 486 1872 l.
513 1835 552 1874 9
602 1831 754 1871 Helonis
758 1847 771 1870 ι
800 1829 895 1881 μετὰ
924 1848 1002 1871 των
1033 1830 1221 1885 ἐφηρων)
1266 1832 1360 1872 Hae
1396 1846 1541 1871 omnes
1569 1840 1677 1871 artes

205 1888 423 1929 Mercurii
449 1889 531 1940 jam
554 1895 771 1926 enarratae
795 1886 930 1926 Dian.
956 1888 1109 1926 Deorr.
1133 1898 1175 1926 et
1198 1889 1353 1927 Mortt.
1384 1889 1564 1927 Bounn.

323 1944 424 2004 Εαιῖ.
446 1946 474 1984 l.
499 1948 567 1988 11-
601 1940 835 1998 Κλωπεῦει)
869 1942 965 1984 Vid.
985 1943 1194 1998 Spanlzem.
1212 1943 1264 1983 ad
1284 1945 1545 1999 Aristophan.
1565 1945 1679 1990 Plut.

211 2004 335 2046 1141.
386 2001 522 2042 GESN.

328 2056 432 2098 Ibid.
458 2054 505 2100 O
521 2054 746 2112 γεννάδας)
778 2056 938 2096 Itonia.
970 2056 1116 2097 Bnon.
1176 2056 1491 2111 Reponendum
1517 2072 1569 2098 ex
1592 2072 1680 2098 om-

210 2113 339 2153 nibus
374 2075 639 2154 editionibus
669 2111 882 2153 veteribus
914 2111 1132 2165 γεννάδας,
1168 2113 1284 2165 quod
1313 2114 1572 2154 novissimae
1598 2113 1698 2153 <ie--⁴

210 2179 459 2224 pravarunt.
493 2170 616 2211 JENs.
677 2168 779 2209 Vid.
798 2168 949 2222 Spanlz.
973 2172 999 2210 1.
1025 2184 1058 2210 c.
1109 2171 1246 2209 GESN.

325 2226 563 2270 Emz.1.13.
592 2221 886 2278 Ἐξημισείας)
918 2227 1012 2264 Hoc
1037 2240 1161 2277 supra
1188 2225 1421 2268 docuimus
1452 2226 1599 2267 Bnon.

326 2282 653 2335 Ρα3.191.1.6.
688 2283 821 2333 Χοαὶ)
852 2281 968 2321 Dico
998 2281 1048 2320 ad
1070 2282 1235 2321 Heliocl.
1260 2284 1371 2338 χοαὶ,
1400 2280 1443 2324 τό
1473 2284 1579 2336 ἐπιχε
1563 2279 1681 2336 όμε-

215 2355 290 2381 νον
312 2344 396 2385 τοῖς
419 2336 677 2381 αποθανοῦσι
699 2356 744 2392 με
730 2339 946 2390 λίκρατον.
978 2340 1156 2379 Bouno-

329 2393 435 2436 Ibid.
468 2397 549 2438 Καὶ
566 2394 761 2444 πόπανα)
792 2395 957 2433 Horum
988 2409 1087 2432 usus
1108 2395 1312 2433 maximus
1335 2393 1378 2432 in
1401 2394 1531 2433 sacris
1554 2396 1684 2434 Dea-2

216 2465 331 2496 rum,
362 2460 412 2490 ut
440 2452 558 2504 patet
591 2450 705 2504 apud
734 2451 886 2503 interp.
906 2451 960 2490 Ax
965 2452 1111 2505 istoph.
1131 2450 1298 2490 Thesm.
1323 2458 1365 2488 et
1392 2449 1564 2491 Lucian.
1597 2452 1684 2491 Ne-

217 2521 358 2558 cyom.
389 2507 494 2562 quid
525 2508 583 2548 sit
614 2517 755 2553 autem
790 2505 1000 2562 πόπανον,
1040 2507 1195 2547 docent
1222 2505 1325 2546 Poll.
1359 2505 1535 2561 Hesych.
1567 2507 1682 2549 Suid.

217 2562 397 2609 Eoum).

332 2618 436 2660 Εαᾶ
458 2622 484 2661 l.
506 2627 545 2664 7
580 2621 708 2664 Καὶ
692 2619 953 2690 ἐναγίσματα)
992 2618 1047 2689 Tf'c
1073 2615 1380 2675 προςφερόμενα
1406 2625 1489 2670 τοῖς
1508 2625 1680 2672 νεκροῖς.

219 2675 403 2728 Interpr.
432 2676 531 2716 Aris
527 2679 638 2731 toph.
656 2677 833 2732 ρὲαοιιῖα,
866 2676 1057 2734 ἅὶοςῒᾶρ
1079 2681 1239 2731 μίασιια.
1273 2675 1446 2731 Hesyclz.
1477 2678 1654 2718 Bounn
