1781 3174
543 227 612 258 ιΝ
684 226 1177 260 PlscArronEM.
1493 218 1589 264 581

124 329 284 369 tilitate
305 327 348 366 h.
370 329 399 366 l.
425 325 625 366 dissecari
651 325 885 379 potuerint.
947 325 1084 366 Verba
1105 326 1168 364 sic
1190 335 1291 364 sunt·
1311 325 1587 380 explicanda:

130 389 177 427 Τι’
199 403 298 439 φατε
317 382 529 438 προςήκειν
555 380 648 436 ὑμῖν
665 383 761 431 τούς
785 381 996 432 τοιούτους
1012 416 1022 433 ,
1054 381 1085 436 ἢ
1105 386 1274 435 (suppl.
1306 386 1343 424 τί
1362 401 1463 435 φατε
1493 385 1589 435 τούς

122 440 358 491 τοιούτους)
390 439 542 482 οἰκεῖόν
569 456 607 481 τι
637 441 706 481 καὶ
729 439 914 494 ξυγγενὲς
933 437 1061 492 (ὑμῖν
1091 440 1205 487 int.)
1233 441 1503 489 ἐπιδείξασθαι
1532 447 1588 499 τῷ

119 503 206 554 βίῳ.
227 500 261 538 Ι.
284 513 320 537 e.
351 520 409 528 —
437 508 505 535 aut
527 512 606 551 qua
626 512 679 535 ex
702 496 1038 550 par-lej‘amiliare
1064 496 1278 550 quidquam
1301 509 1586 553 cognatumque

117 558 227 596 vobis
247 555 379 593 dicitis
397 552 495 592 tales
513 554 685 592 homines
702 554 895 593 ostendere
915 556 956 592 ιἰι
981 556 1063 592 vita
1083 570 1155 591 sua
1166 552 1188 593 Ξ)
1226 553 1458 606 Conspirat
1487 570 1584 594 ver-

120 615 184 653 sio
219 611 397 658 Gesner-i,
439 609 525 647 nisi
554 608 671 662 quod
702 611 879 648 formam
911 609 1260 663 interrogativam
1291 609 1498 663 interpres
1526 611 1580 650 ob

118 683 328 717 caussam,
361 680 485 720 quam
507 680 694 720 agnosco
728 675 771 704 et
800 665 957 717 probo,
1003 666 1049 704 in
1076 666 1388 705 enuntiativam
1419 676 1582 707 mutare

113 724 276 766 maluit.
337 723 525 763 Similem
546 722 750 775 syntaxin
777 723 1010 761 contulisse
1031 721 1200 778 jpvabit
1228 722 1274 760 in
1301 723 1443 761 verbis
1469 724 1583 764 Her-

115 791 217 821 mot.
243 795 277 821 c.
300 785 366 824 10.
405 781 459 820 Τί
489 779 554 829 δὲ,
584 776 634 819 &¹21
657 777 710 832 μὴ
734 776 999 828 ἀποδιδῶσιν,
1032 777 1269 832 ώμακάριε,
1303 780 1403 832 μέλει
1432 797 1478 822 τι
1508 777 1580 821 αὖ·

111 844 168 897 τῷ
188 847 266 878 etc.
300 851 409 891 quae
430 835 505 875 vix
526 836 634 887 erit,
663 835 732 874 cui
758 835 991 874 offensioni
1010 836 1112 874 sint.
1143 836 1302 875 me.

225 921 330 962 ΕατΖ.
355 924 384 960 1.
410 925 476 964 12.
503 916 740 974 Ἠρακλῆς)
772 919 963 960 Hercules
986 931 1021 959 et
1041 923 1179 969 simia,
1220 919 1494 973 proverqum
1527 919 1579 960 de

110 979 284 1018 minime
311 978 661 1031 congruentibus.
720 978 924 1016 Hercules
954 977 1067 1017 enim
1096 976 1268 1027 robore,
1309 977 1433 1016 simia
1465 976 1578 1017 dolis

112 1039 241 1078 valet.
273 1034 372 1075 Vid.
396 1034 553 1073 Erasmi
574 1033 759 1073 Chiliad.
781 1048 823 1087 p.
849 1038 942 1078 187.
972 1035 1136 1073 szx‘rz.

226 1120 326 1173 Pag-
348 1123 443 1162 171.
463 1121 492 1158 1.
512 1124 549 1161 1.
589 1123 834 1170 Φιλοσοφεῖν
855 1114 1052 1170 εἷσκοῦσι)
1084 1119 1153 1157 Sic
1168 1117 1278 1158 bene
1296 1117 1402 1172 legit
1422 1118 1577 1172 interp,

110 1177 265 1218 Minus
297 1186 411 1215 recte
450 1174 558 1215 Cod.
593 1176 766 1230 Anglic.
811 1173 1031 1227 φάσκουσι.
1071 1176 1251 1215 Bonna.
1328 1180 1583 1226 Φιλοσοφεῑν

113 1234 353 1289 φάσκουσι)
383 1233 618 1272 Persistens
637 1242 783 1271 noster
804 1232 847 1270 in
872 1247 946 1270 sua
969 1232 1013 1269 in
1037 1230 1490 1284 pseudophilosophos
1514 1231 1580 1269 in-

113 1290 306 1340 vectiva,
340 1289 415 1337 ait,
450 1302 522 1328 eos
547 1288 763 1328 veteribus
790 1289 873 1326 illis
903 1287 1130 1338 heroibus,
1163 1302 1342 1342 quorum
1376 1302 1418 1326 se
1446 1298 1579 1326 secta-

113 1359 226 1387 tores
249 1346 534 1395 mentiantur,
571 1354 656 1383 tam
686 1345 848 1383 similes
877 1359 989 1394 esse,
1031 1358 1154 1397 quam
1182 1344 1360 1383 Herculi
1391 1344 1580 1384 simiam:
1619 1385 1621 1387 ,

114 1404 214 1443 dein
234 1411 356 1456 rogat
389 1411 552 1441 veteres
575 1401 672 1440 illos
699 1400 1003 1453 philosophiae
1028 1402 1275 1455 magistros,
1299 1397 1368 1440 ”H
1381 1398 1483 1442 διότι
1499 1397 1582 1442 πώ-

112 1477 246 1516 γωνας
263 1461 418 1512 ἔχουσι,
449 1459 518 1499 καὶ
542 1462 785 1510 φιλοσοφεῖν
807 1455 1001 1508 ἀσκοῦσι,
1032 1460 1098 1498 καὶ
1129 1459 1371 1511 σκυθρωποί
1389 1460 1482 1507 εἰσι,
1515 1457 1582 1498 διὰ

112 1522 228 1560 τοῦτο
248 1514 322 1570 χρὴ
342 1513 438 1568 ὑμῖν
460 1514 627 1564 εἰκάζειν
645 1512 836 1566 τούτουςς
865 1514 959 1556 MS.
979 1515 1106 1568 Angl.
1129 1515 1339 1553 referente
1362 1513 1582 1553 Bourdelo-

116 1577 171 1614 iio
191 1588 233 1626 p-
259 1578 354 1616 412.
387 1586 465 1625 pro
486 1570 656 1613 ἀσκοῦσι
674 1570 805 1609 habet
825 1569 1052 1623 φάσκουσι,
1084 1581 1125 1610 et
1144 1585 1218 1609 sua
1239 1584 1409 1623 quoque
1429 1584 1585 1609 conve-

117 1632 210 1670 nire
233 1639 429 1681 excerpta
452 1629 512 1666 ait
535 1631 585 1667 cl.
614 1627 802 1667 Graevius
824 1632 1030 1681 pag.969.
1063 1627 1297 1666 rectissime
1321 1626 1516 1679 judicans
1537 1626 1583 1669 τὸ

117 1685 326 1740 φάσκουσι
367 1685 469 1723 huic
500 1687 598 1723 loco
632 1685 955 1735 congruentius.
1015 1683 1073 1721 Et
1105 1693 1218 1722 certe
1246 1683 1403 1735 passim
1439 1682 1490 1722 de
1514 1682 1583 1721 his

114 1740 560 1798 pseudophilosophis
594 1740 653 1778 ita
685 1740 840 1778 Noster.
866 1740 1021 1780 Statim
1047 1754 1079 1780 c.
1101 1745 1170 1783 46.
1199 1737 1324 1780 ἅπασι
1350 1745 1435 1787 τοῖς
1468 1736 1587 1791 φάσ-

115 1814 236 1842 κουσι
257 1802 500 1851 φιλοσοφεῖν
517 1794 786 1851 ἐντυγχάνειν·
821 1794 872 1835 de
894 1797 1030 1835 Mero.
1058 1794 1196 1835 Cond.
1224 1810 1260 1836 e.
1281 1799 1350 1838 24.
1382 1793 1485 1848 πρὸς
1511 1797 1586 1837 τὸν

116 1860 360 1909 φιλοσοφεῖν
381 1851 613 1903 φάσκοντα·
645 1853 696 1890 de
717 1853 910 1891 Parasito
934 1867 966 1891 c·
987 1856 1053 1896 52.
1089 1854 1129 1894 οἱ
1147 1857 1386 1905 φιλοσοφεῖν
1407 1851 1590 1904 φάσκον-

115 1931 191 1962 τες.
253 1910 464 1953 Similiter
482 1910 527 1947 in
549 1908 818 1949 Hermotimo
840 1923 874 1947 c.
897 1912 963 1952 52.
1005 1905 1126 1951 Ὀδοί
1153 1926 1194 1950 τε
1222 1911 1368 1950 πολλαί
1394 1911 1493 1950 εἰσιν
1522 1910 1589 1951 ἐπὶ

118 1970 369 2023 φιλοσοφίαν
384 1963 526 2018 ἑκάστη
543 1968 609 2006 καὶ
630 1960 777 2018 ἀρετὴν
800 1964 912 2019 ἄγειν
931 1963 1176 2014 φάσκουσαι·
1200 1979 1232 2006 e.
1256 1971 1323 2010 68.
1359 1961 1447 2007 Οὔκ
1469 1961 1589 2007 ἆκού-

119 2045 174 2076 εις
193 2031 272 2067 τῶν
294 2028 496 2072 Στοϊκῶν,
525 2020 888 2075 ἢΈπικουρείων,
917 2020 946 2074 ἢ
976 2026 1250 2063 Πλατωνικῶν
1280 2021 1383 2063 εἶναι
1412 2020 1592 2075 φασκόν-

118 2100 226 2133 τωνς
257 2082 381 2122 JENS.
440 2078 719 2118 Bourdelotius
736 2081 841 2116 male
866 2079 1036 2118 damnat
1057 2078 1232 2118 Codicis
1254 2079 1483 2132 Anglicani
1506 2082 1591 2118 lec·

120 2141 307 2187 tionem,
342 2137 386 2174 in
419 2150 529 2187 quo,
561 2145 610 2173 ut
635 2144 677 2173 et
710 2135 813 2172 meis
842 2136 1054 2187 excerptis
1085 2135 1241 2173 rectius
1267 2135 1491 2184 scribitur,
1523 2137 1593 2176 καὶ

121 2199 364 2246 φιλοσοφεῖν
387 2191 631 2245 φάσκουσιν,
664 2202 698 2229 et
718 2194 785 2244 qui
806 2190 941 2230 dicunt
960 2208 998 2230 se
1020 2191 1305 2245 philosophari,
1339 2209 1378 2231 se
1395 2209 1472 2231 esse
1493 2193 1594 2246 phi-

121 2252 328 2305 losopt'zos,
362 2264 439 2301 pro
461 2263 546 2301 quo
568 2247 684 2285 dixit
706 2262 794 2299 cap.
816 2252 883 2289 41.
918 2247 1005 2289 ὅσοι
1032 2245 1255 2300 φιλόσοφοι
1276 2247 1376 2290 εἶναι
1405 2250 1563 2304 λέγουσι
1578 2279 1592 2298 ,

122 2323 244 2364 quam
270 2307 385 2360 quod
414 2306 572 2358 legitur
603 2305 648 2341 in
684 2302 974 2354 editionibus,
1014 2308 1083 2346 καὶ
1113 2311 1357 2356 φιλοσοφεῖν
1391 2303 1591 2353 ἀσκοῦσι,

123 2363 240 2419 quod
266 2373 353 2413 est,
386 2364 427 2400 in
444 2360 696 2416 philosophia
719 2376 758 2397 se
776 2371 981 2410 exercent,
1009 2356 1282 2416 philosophiae
1306 2361 1401 2400 ἅαηί
1423 2377 1595 2416 operam,

125 2420 320 2474 quamvis
343 2418 388 2456 id
412 2431 581 2472 quoque
619 2416 756 2468 possit
786 2417 988 2463 tolerari,
1020 2420 1195 2456 alterum
1231 2428 1396 2456 tantum
1422 2419 1597 2471 praese*

123 2476 302 2516 rendum
323 2484 400 2514 est.
460 2475 584 2512 Hanc
606 2473 719 2512 enim
741 2472 825 2510 vim
847 2472 998 2512 habet:
1031 2474 1259 2512 venditant
1289 2489 1331 2513 se
1351 2489 1429 2528 pro
1449 2475 1599 2527 philo-

127 2531 298 2585 sophis,
332 2546 423 2570 curn
446 2544 532 2568 non
557 2529 658 2568 sint.
691 2528 867 2570 GnAssv.
933 2528 1141 2572 Φάσκουσι
1160 2531 1336 2569 omnino
1355 2530 1599 2584 legendum,

126 2599 176 2627 ut
202 2597 266 2627 est
290 2588 334 2624 in
356 2588 482 2639 Angl.
501 2587 550 2629 P.
571 2587 623 2624 L.
641 2594 694 2625 et.
714 2586 799 2624 Ms.
820 2586 892 2626 Gr,
909 2595 950 2624 et
984 2587 1135 2625 iterum
1158 2601 1193 2626 c.
1216 2592 1283 2630 46.
1315 2586 1431 2640 quod
1458 2596 1598 2626 autem

130 2646 175 2683 in
195 2643 381 2698 vulgatis
401 2652 463 2681 est
489 2640 678 2689 ἀσκοῦσι,
710 2644 861 2694 procul
881 2641 1174 2697 ablegandum.
1206 2643 1374 2683 SOLAN.
1435 2641 1601 2695 Recepi

129 2700 357 2740 lectionem
384 2697 544 2737 codicis
567 2699 692 2751 Angl.
727 2697 841 2750 apud
872 2697 1108 2738 Graculum.-
1140 2714 1249 2754 quae
1268 2699 1449 2739 recurrit
1475 2699 1604 2738 etiam

131 2755 314 2809 deinde,
347 2760 447 2798 πᾶσι
465 2761 549 2805 τοῖς
573 2752 776 2810 φάσκουσι
797 2759 1061 2810 φιλοσοφεῖν,
1096 2754 1362 2813 ἐντυγχάνειν.
1398 2756 1536 2797 sts.
