1781 3174
226 173 330 221 464
578 173 1339 211 AnNo'rA'ronEs

229 287 313 339 iam
347 277 547 320 concludi
568 273 816 317 Mercurius
849 274 968 324 vult)
998 281 1137 328 ne‘que
1167 274 1254 315 hoc
1281 274 1386 327 scit,
1416 287 1541 329 quam
1568 284 1695 316 tenue

231 340 291 379 sit
311 335 421 377 illud
444 335 611 385 filum‚a
630 345 715 387 quo
739 331 885 369 infans
909 329 992 383 ipsi
1012 345 1150 383 nuper
1167 341 1291 371 natus
1312 331 1511 385 pendeat.
1540 332 1697 374 Lssmvx.

345 403 450 444 Eacl.
481 405 510 442 1.
533 405 598 443 10.
648 403 716 447 Τις
746 393 906 449 αὐτῶν)
937 394 1096 448 Αὗτοῦς
1125 399 1250 439 forte.
1305 400 1484 438 Guyn‘r.
1570 397 1699 438 Absit

230 461 343 502 hoc!
393 460 438 498 Si
459 455 674 496 Charonis
706 454 811 493 haec
839 454 967 493 verba
999 465 1123 505 sunt,
1155 456 1313 495 rectius
1343 455 1547 494 dicuntur
1568 471 1700 495 eorum

231 532 376 572 reges,
409 513 611 568 quoniam
644 510 689 548 id
719 511 808 566 agit
833 510 1029 562 Charon,
1062 522 1131 562 ut,
1165 512 1201 550 si
1229 527 1346 568 reges
1375 515 1458 566 jam
1477 510 1700 550 hominum

231 574 377 614 miseri
407 571 516 618 sint,
553 569 697 622 quales
724 566 949 607 universos
979 566 1173 607 homines
1196 583 1285 609 esse
1308 583 1384 622 par
1405 568 1484 619 sit,
1516 566 1702 606 ratioci-

231 629 376 670 nando
400 625 557 666 videat.
598 624 758 663 LEHM.

236 756 239 759 ι
347 704 450 747 Εαᾶ.
465 707 493 743 1.
520 707 586 747 11.
612 700 721 752 ’Έξω
751 706 828 744 τοῦ
854 696 1070 756 ἐβεβαίου)
1100 702 1400 744 observandus
1433 702 1608 742 omnino
1630 701 1704 740 hic

232 777 337 804 usus
360 761 480 802 vocis
502 762 573 810 ἔξω
592 774 616 798 a
632 758 797 813 vulgari
814 761 944 812 longe
966 759 1154 803 dissitus.
1194 760 1264 799 Sic
1284 761 1354 809 ἔξω
1374 757 1555 811 φθόνου.
1599 757 1701 799 vid,

237 822 368 861 Tacit.
385 818 445 874 ῌ.
468 817 512 867 Ι,
547 819 614 866 15,
638 820 678 859 7.
722 816 889 856 SOLAN.
957 814 1141 870 Xenoplz.
1161 817 1342 856 Hieron.
1364 816 1411 866 I,
1433 821 1473 859 7.
1502 816 1574 866 ἔξω
1601 811 1706 856 τού-

233 893 338 926 των,
371 874 428 916 ὠν
449 875 611 928 εἴρηκας
630 868 678 913 σύ
697 888 766 926 γε,
799 867 889 913 οὔδ’
922 894 978 901 ·—
1008 870 1135 925 ἔχοιμ’
1165 870 1216 913 ἂν
1244 875 1393 921 εἰπεῖν,
1418 883 1572 925 praeter
1592 872 1702 919 haec,

235 947 336 988 quae
351 943 392 971 tu
415 930 570 985 quidem
591 928 752 978 dixisti,
786 945 906 982 neque
921 951 978 958 --
992 932 1141 981 possim
1161 929 1299 968 dicere.
1352 930 1505 967 Terent.
1527 927 1701 967 Phorm.

234 990 279 1039 I,
300 994 348 1039 2,
374 992 443 1030 28.
478 987 612 1040 Neque
638 995 775 1031 notus,
807 1001 928 1039 neque
958 996 1172 1038 cognatus,
1203 996 1322 1025 extra
1347 999 1469 1023 unam
1487 983 1701 1032 aniculam,

235 1047 444 1100 quisquam
464 1042 614 1081 aflerat.
678 1040 749 1081 Cf.
773 1042 909 1079 ZeuX.
936 1055 972 1081 c·
995 1047 1034 1086 6.
1086 1042 1244 1080 LEnm.

347 1121 452 1162 Ead.
481 1121 602 1165 1.12.
640 1117 712 1169 Ὡς
743 1118 852 1176 φῂς)
890 1118 1020 1160 Haud
1053 1121 1193 1160 minus
1222 1130 1308 1171 est,
1341 1135 1464 1175 quam
1508 1116 1625 1172 quod
1658 1117 1706 1155 in

238 1179 334 1221 edd.
357 1187 517 1228 exstat,
550 1177 869 1216 incommodum
902 1174 955 1226 ὥς
982 1191 1128 1229 φασιν·
1172 1192 1373 1231 quorsum
1400 1176 1512 1216 enim
1534 1175 1707 1224 referas,

239 1245 313 1276 aut
339 1248 461 1288 quem
481 1248 652 1273 sensum
674 1242 978 1288 congruentem
995 1232 1096 1272 inde
1118 1233 1360 1272 extundas?
1408 1233 1511 1272 Non
1536 1230 1704 1280 dubito,

239 1291 345 1345 quin
369 1304 514 1330 verum
538 1290 596 1328 sit
613 1286 668 1339 ὦς
688 1291 806 1342 ἔφην.
865 1288 978 1328 Ante
997 1292 1168 1328 locutus
1187 1299 1277 1328 erat
1299 1289 1349 1329 de
1364 1289 1537 1338 Croeso,
1572 1286 1703 1338 Cyro,

237 1349 488 1399 Polycrate,
538 1359 717 1400 quorum
759 1345 963 1398 exemplis
996 1344 1161 1384 abunde
1192 1345 1416 1384 constabat
1438 1344 1482 1386 τὸ
1515 1340 1706 1397 ἀβέβαιον

237 1405 305 1446 καὶ
325 1401 553 1456 ἀμφίβολον
572 1406 645 1454 τῆς
668 1398 800 1454 τύχης.
859 1401 952 1439 Imo
973 1415 1074 1440 vero
1096 1401 1385 1454 suspicionem
1406 1415 1494 1440 eam
1512 1399 1706 1452 aliquan-

241 1459 296 1499 do
324 1459 440 1511 cepi,
474 1473 521 1497 ac
544 1457 580 1496 si
605 1458 742 1496 omnis
764 1457 868 1496 haec
897 1457 1034 1495 oratio
1055 1457 1291 1507 Mercurii,
1323 1454 1375 1510 ’ἣν
1409 1462 1508 1511 γοῦν
1537 1478 1594 1486 -·
1622 1460 1704 1495 τῶν

239 1519 409 1559 ἰδιωτῶν
434 1512 485 1556 ἂν
514 1516 601 1567 εἴη,
633 1512 805 1552 sedibus
834 1513 922 1551 suis
951 1512 1175 1552 exturbata
1210 1512 1294 1551 huc
1317 1513 1462 1552 nescio
1496 1526 1581 1566 quo
1604 1525 1705 1549 casu.

236 1571 525 1626 pervenisset:
558 1570 788 1609 inserueris
817 1570 929 1609 enim
953 1583 987 1609 c.
1013 1571 1078 1613 15.
1101 1578 1202 1621 post
1225 1570 1329 1619 ista,
1362 1570 1428 1610 καὶ
1446 1568 1492 1609 τὰ
1516 1568 1586 1622 μὲν
1603 1564 1707 1609 τού-

235 1646 317 1671 των
342 1621 417 1669 ὦδε
436 1628 530 1678 ἕξει,
562 1640 685 1665 nemo
717 1625 844 1664 facile
874 1625 1073 1679 negabit,
1107 1625 1322 1677 aptissime
1344 1624 1556 1664 dictorum
1581 1623 1707 1662 ordi-

235 1698 332 1724 nem
372 1683 612 1723 cohaerere.
687 1681 886 1720 Attamen
916 1680 1150 1719 videndum
1184 1691 1272 1730 est,
1318 1695 1370 1720 ne
1402 1690 1554 1720 cuncta
1584 1679 1702 1730 haec,

239 1740 378 1779 deleta
396 1738 607 1779 Mercurii
635 1751 842 1791 persona,
875 1736 1086 1775 Charonti
1108 1737 1259 1775 melius
1292 1736 1608 1775 adscribantur:
1640 1736 1707 1773 ni-

235 1795 302 1835 hil
321 1796 435 1835 enim
467 1794 514 1833 in
543 1793 611 1832 his
644 1803 838 1847 apparet,
873 1792 989 1846 quod
1019 1792 1189 1832 Charon
1213 1806 1290 1845 pro
1311 1792 1517 1847 singulari
1542 1789 1708 1846 ingenii

237 1851 410 1892 solertia
433 1854 515 1903 jam
536 1865 672 1890 rerum
700 1850 1001 1899 humanarum,
1034 1863 1138 1902 quas
1165 1849 1291 1886 simul
1310 1863 1455 1888 omnes
1479 1848 1614 1887 oculis
1633 1846 1709 1885 ha-

236 1907 367 1948 bebat
391 1907 626 1959 subjectas,
657 1920 746 1944 non
775 1905 1046 1945 mediocriter
1066 1905 1250 1958 peritus,
1281 1904 1420 1944 dicere
1443 1919 1530 1943 non
1556 1912 1708 1957 potue-

235 1964 321 2004 rit:
355 1964 524 2018 egregie
560 1964 677 2002 favet
709 1962 845 2001 totius
880 1961 1089 1999 orationis
1123 1974 1282 1999 nexus:
1314 1961 1375 1999 sic
1404 1960 1548 1999 eadem
1577 1972 1707 2012 opera

237 2034 404 2060 servare
433 2021 536 2059 licet
567 2018 619 2067 ὥς
654 2017 758 2074 φῂς,
793 2028 836 2056 ut
866 2027 929 2066 iu,
959 2017 1156 2066 Imm-curi,
1192 2016 1317 2067 dicis;
1357 2031 1600 2069 quanquam
1632 2029 1710 2067 op-

236 2075 467 2129 portunius
503 2075 763 2123 existimem,
798 2071 821 2115 ὃ
850 2075 973 2125 ἔφης,
1004 2073 1111 2127 quod
1132 2084 1173 2110 m
1207 2075 1390 2111 nimirum
1421 2083 1511 2111 anie
1533 2071 1704 2122 dicebas,

237 2146 332 2170 cum
357 2145 531 2186 magnos
549 2144 666 2185 reges
685 2130 911 2184 inopinato
931 2130 1131 2169 fortunae
1159 2129 1323 2181 impetu
1345 2142 1512 2167 eversos
1533 2127 1706 2166 demon-

236 2197 401 2227 strares,
461 2187 512 2226 In
543 2186 654 2226 hanc
683 2186 934 2238 opinionem
965 2194 1219 2238 postremam
1252 2183 1516 2237 propendere
1544 2197 1611 2222 me
1643 2183 1706 2220 fa·

237 2252 345 2282 teor.
405 2243 514 2282 Dion
535 2253 674 2282 autem
705 2242 1002 2298 Chr-ysostomus
1024 2255 1130 2294 quae
1151 2240 1321 2292 scripsit
1345 2240 1388 2277 in
1410 2238 1584 2278 Charid.
1606 2252 1704 2292 pag.

237 2304 334 2342 302.
356 2304 453 2343 303.
475 2299 652 2338 omnino
673 2298 802 2353 digna
829 2307 954 2342 sunt,
987 2307 1036 2334 ut
1055 2311 1149 2334 cum
1170 2297 1352 2335 Luciano
1377 2303 1704 2346 componantur.

237 2355 422 2395 HEMs’r.
470 2356 595 2393 Hanc
614 2355 822 2394 sermonis
846 2353 1175 2405 dispositionem
1195 2351 1395 2403 probavit
1415 2350 1590 2404 quidem
1602 2349 1707 2404 Sey—

240 2410 395 2457 hchZus,
428 2425 567 2464 neque
592 2425 692 2450 vero
715 2425 761 2450 ea
782 2411 826 2447 in
849 2409 943 2462 ipsc
972 2418 1092 2447 textu
1113 2421 1212 2446 usus
1232 2417 1314 2454 est,
1347 2405 1705 2459 quemadmodum

239 2467 366 2505 etiam
388 2467 703 2507 Hemsterhusius
723 2466 816 2519 ipse
839 2475 1022 2504 veterem
1045 2464 1250 2503 rationem
1275 2462 1538 2502 retinendam
1563 2461 1703 2500 duxit.

246 2521 492 2561 Wielandius
522 2537 624 2562 vero
650 2523 779 2562 tacite
807 2521 1094 2560 Hemsterhusii
1125 2518 1330 2573 judicium
1370 2527 1540 2557 secutus
1576 2526 1705 2570 atque

239 2577 299 2615 ita
332 2577 638 2629 interpretatus
673 2588 746 2620 est.
807 2577 961 2631 Neque
990 2590 1090 2615 sane
1120 2583 1229 2623 erat,
1272 2574 1386 2626 quod
1418 2574 1703 2613 inveteratum

237 2632 325 2672 loci
352 2633 504 2672 vitium
528 2633 693 2672 diutius
714 2636 969 2674 foveremus.
1013 2632 1098 2669 Res
1124 2630 1215 2683 ipsa
1238 2633 1402 2668 clamat.
1461 2629 1614 2682 Neque
1638 2637 1705 2666 ta·-

239 2701 335 2728 men
362 2702 411 2728 eo
431 2688 569 2728 secius
590 2700 795 2732 servatam
818 2689 945 2730 velim
965 2689 1176 2743 vulgatam
1198 2685 1425 2726 lectionem
1447 2683 1501 2735 ὦς
1523 2683 1627 2741 φῂς,
1657 2684 1703 2721 ὶη
