1781 3174
489 138 541 171 n:
577 138 641 169 nn
678 137 909 171 munci-‚DE
948 138 1230 172 emerseris.
1494 135 1591 182 629

124 255 196 282 eos
221 238 476 279 inimicitiae
495 237 679 287 fuerint,
712 247 887 291 propter
908 253 1008 293 quas
1031 236 1281 279 hominem·
1270 250 1327 280 xta
1347 242 1508 297 riserit,
1540 257 1590 287 ut

123 299 218 337 illic
246 296 367 336 facit.
428 296 587 334 Forsan
614 295 740 333 etiam
772 305 881 344 tum,
914 311 1006 334 cum
1043 295 1157 335 hunc
1189 298 1343 337 librum
1369 301 1584 353 scriberet,

121 369 209 393 non
240 350 468 392 admodum
494 351 534 390 ei
556 365 651 389 cum
683 365 733 390 eo
755 351 1048 392 conveniebat.
1109 353 1249 392 Indici
1241 369 1280 393 'o
1310 370 1400 394 esse
1427 368 1582 410 potest,

122 408 239 464 quod
260 423 392 462 usque
412 407 516 447 adeo
540 406 740 459 cupidum
761 408 866 445 facit
891 412 980 460 ejus
1006 410 1116 449 vitae
1131 441 1142 459 ,
1178 425 1300 464 quam
1322 422 1370 450 ut
1391 412 1584 476 philoso-

118 466 230 520 pho,
265 467 350 504 imo
372 464 540 503 liberali
563 462 736 503 homine
760 463 979 518 indignam
1002 466 1040 504 ei
1061 465 1112 504 ob
1136 470 1284 506 oculos
1303 470 1440 521 ponit.
1486 471 1581 511 Imo

119 537 217 562 vero
251 520 430 561 eundem
463 534 550 559 esse
573 521 780 572 suspicor,
819 521 893 574 qui
910 519 1169 576 Ετοιιιοκλῆς
1191 523 1235 561 in
1249 523 1434 564 Conviv.
1461 541 1495 565 c.
1509 533 1578 571 21.

116 589 157 619 et
177 592 291 633 seqq.
314 576 447 626 audit,
463 576 621 629 quique
646 577 736 615 illic
755 576 867 614 haud
889 578 1020 618 amice
1037 593 1137 618 sane
1159 590 1377 622 tractatur.
1409 582 1498 621 Son
1503 598 1578 627 &N

112 635 215 675 Non
240 643 347 683 erat,
379 632 494 688 quod
526 633 693 672 curiose
721 633 891 672 Solemus
913 634 1016 672 alibi
1041 646 1260 688 quaereret
1288 637 1468 677 eundem
1495 640 1578 679 Ti..

112 693 303 730 moclem.
335 690 500 728 Fictum
522 688 636 726 haud
659 688 788 728 dubie
810 700 888 737 est,
911 701 958 728 ut
983 694 1113 731 multa
1134 694 1215 731 alia
1236 692 1348 758 aputd
1368 695 1572 747 Nostrum,

111 747 241 800 hujus
272 746 398 784 amici
428 759 597 785 nomen.
657 746 850 795 Poterat,
884 746 943 784 ait
967 747 1236 796 Wielandius
1270 750 1395 788 etiam
1416 750 1573 792 Philo-

110 807 208 852 cles,
239 806 307 841 vel
328 804 581 851 Damocles,
612 804 680 840 vel
701 802 828 840 etiam
853 802 1133 857 Speusippus,
1166 805 1402 847 nominari:
1435 809 1573 846 nomi.

107 874 161 899 ne
184 859 353 913 quidem
377 873 463 897 non
494 857 671 897 debebat
700 872 865 909 carere,·
897 863 1022 913 quale
1047 874 1146 901 vero
1170 860 1252 901 hoc
1277 872 1410 913 esset,
1441 867 1569 917 plane

106 916 219 955 nihil
237 914 458 956 referebat.
497 915 656 953 LssnM.

214 994 311 1047 Pag.
335 999 429 1038 231
448 997 473 1035 1.
495 999 536 1037 2.
571 991 886 1045 Μισθοφορᾶυ)
915 996 1074 1034 Forsan
1095 999 1388 1052 μισθοφορίαν.
1433 998 1563 1042 Conf.

101 1052 214 1090 infra
232 1065 266 1090 c.
272 1026 332 1094 06
365 1051 530 1091 SOLAN
590 1051 647 1089 Et
674 1051 762 1089 illic
790 1052 952 1090 scilicet
972 1052 1141 1093 Solanus
1166 1057 1386 1109 vulgatum
1408 1063 1565 1108 phorm-

101 1107 238 1161 φορὰν
265 1107 410 1147 eodem
439 1106 565 1146 modo
597 1106 846 1145 mutandum
879 1119 1033 1150 censet
1100 1110 1200 1149 Veri
1231 1111 1412 1164 speciem
1434 1123 1563 1167 auget

100 1178 290 1204 assensus
335 1163 509 1202 Codicis
545 1168 669 1207 2956.
712 1163 787 1201 ubi
827 1168 1105 1216 ιιισθοφοοίαν
1144 1167 1365 1220 reperitur.
1434 1168 1561 1209 Unde

99 1221 368 1261 Sclzmiedcrus
395 1223 527 1259 altero
557 1221 631 1258 illo
650 1222 747 1258 loco
774 1234 858 1259 nox
864 1236 928 1259 am
953 1223 1182 1261 lectionem
1211 1222 1392 1275 recepit,
1425 1223 1560 1264 hocce

97 1288 244 1316 nostro
266 1277 308 1315 in
335 1277 468 1315 veteri
502 1278 767 1330 acquiescele
785 1278 1171 1317 n1aluir.Belinus
1196 1289 1339 1317 contra
1369 1281 1410 1317 in
1435 1290 1557 1320 utro-

94 1348 175 1388 que
201 1337 297 1372 loco
328 1332 625 1400 corrigendum
652 1342 818 1379 censet3
865 1348 929 1371 me
960 1334 1128 1386 quidem
1166 1349 1253 1374 non
1281 1334 1554 1390 suffragante.

96 1387 426 1443 ΙῑῙισθοφοοά
458 1403 571 1428 enim
599 1389 770 1440 proprie
793 1389 963 1441 quidem
989 1399 1051 1427 est
1075 1406 1216 1430 τηειρ-ες
1238 1404 1388 1443 operae
1407 1409 1553 1446 accep—⁴

92 1459 146 1492 ta,
177 1446 386 1499 zelpacta,
419 1455 468 1483 ut
485 1446 566 1484 Pro
586 1446 725 1484 Merc.
739 1443 876 1484 Cond.
901 1459 933 1483 c.
959 1448 1022 1489 15
1044 1449 1140 1500 φὲος
1128 1464 1184 1488 ειν
1204 1449 1388 1501 usylcrccg
1409 1456 1555 1501 μισθο-

91 1502 244 1570 φορὰς,
279 1513 319 1541 et
339 1501 540 1541 Eunuch.
565 1516 598 1540 c.
618 1507 656 1545 3.
690 1502 969 1542 συντέτακται
961 1504 1002 1543 ἐκ
1029 1504 1474 1560 βασιλέωςμισθοφορά
1495 1523 1554 1554 τις

91 1559 140 1602 οὐ
161 1558 293 1612 φαύλη
315 1556 416 1600 κατὰ
443 1576 482 1612 γε
488 1575 534 1610 νη
564 1564 647 1606 τοῖς
666 1555 922 1610 φιλοσόφοις.
970 1563 1293 1613 μισθοφοοία
1325 1575 1422 1600 xero
1452 1578 1552 1615 ope—-

87 1633 171 1656 ram
199 1620 325 1670 ipsam
352 1614 588 1669 significat
618 1630 692 1668 pro
719 1614 892 1654 met-cede
920 1616 1094 1668 quadam
1122 1616 1316 1656 locatam:
1350 1616 1435 1657 vid.
1466 1618 1550 1656 Lo-

88 1672 419 1725 beck.Pare1·.gg
452 1669 504 1708 ad
532 1670 743 1725 Phrynich.
770 1684 811 1723 p
842 1675 938 1713 491
1000 1670 1085 1711 Sed
1112 1672 1202 1725 ipse
1235 1672 1427 1712 Iobccki
1484 1673 1549 1712 ibi

87 1730 235 1776 docet,
267 1743 398 1766 unum
421 1740 730 1778 nonnunquam
755 1741 848 1764 curn
870 1730 1000 1766 altero
1026 1727 1135 1767 vices
1158 1741 1251 1766 suas
1272 1739 1546 1779 commukare,

85 1789 155 1824 vel
179 1783 455 1823 scribentium
480 1782 680 1831 arbitrio,
714 1785 781 1821 vel
802 1782 1070 1821 librariorum
1097 1786 1232 1836 culpa.
1290 1785 1464 1824 Luciam·
1484 1800 1547 1824 ar-

84 1843 259 1880 bitrium
290 1843 358 1879 vel
391 1838 491 1878 inde
536 1838 832 1892 cognoscitur,
879 1839 993 1893 quod
1021 1843 1296 1894 μισθοφορίαν
1324 1838 1547 1893 ἀποφέρειν

84 1897 193 1936 dicit
225 1897 382 1950 Navig.
413 1901 542 1939 c.13
574 1909 650 1947 pro
680 1894 954 1948 μισθοφοοάυ.
1014 1897 1248 1949 Aliquanto
1276 1896 1543 1937 tolerabilius

80 1953 273 2003 videtur,
308 1953 361 1991 ob
385 1962 554 2005 tropum
576 1951 746 2004 quidem
767 1952 867 1989 satis
890 1952 1174 2005 fxequentem,
1206 1952 1442 2008 μισθοφορά
1461 1968 1540 2006 pro

78 2012 354 2064 μισθοφορία,
399 2009 444 2047 in
484 2007 708 2060 phrasibus
748 2008 1009 2062 μισθοφοραυ
1048 2009 1244 2060 ἐπαιιειν,
1287 2019 1336 2048 ut
1367 2009 1406 2047 h.
1437 2013 1464 2051 1.
1497 2020 1540 2049 et

79 2066 260 2109 (Ξηοντᾶν
291 2067 353 2107 ἐπὶ
384 2062 666 2117 μισθοφοράν,
699 2073 748 2101 ut
769 2078 857 2116 cap
883 2070 922 2108 6.
946 2064 1020 2102 ubi
1046 2066 1174 2104 facile
1199 2069 1326 2105 alteia
1346 2066 1468 2104 notio
1491 2067 1536 2103 in

78 2127 248 2162 alteram
275 2122 494 2160 transferri
514 2130 679 2174 potest3
713 2134 799 2158 non
826 2121 965 2158 minus
988 2133 1099 2160 certe
1123 2122 1259 2171 facile,
1279 2137 1401 2176 quam
1423 2121 1536 2174 apud

75 2180 258 2233 λσηορίι.
288 2178 425 2216 Anab.
448 2178 531 2226 VI,
561 2181 607 2224 4,
637 2182 676 2220 8.
707 2177 885 2243 (ΠείςΙζκ
901 2179 915 2227 )
946 2177 1017 2214 ubi
1050 2191 1157 2230 quae
1186 2181 1407 2231 leguntur:
1449 2182 1536 2219 Τῶν

74 2254 149 2291 γαρ
174 2239 419 2303 στρατιωτῶν
438 2235 479 2275 οἵ
502 2238 675 2275 πλεῖστοι
693 2248 797 2285 ησαν
824 2251 872 2274 ου
898 2231 1019 2274 στάνε
1025 2251 1037 2274 ι
1058 2239 1133 2274 τοῦ
1152 2237 1243 2288 βίου
1264 2234 1535 2276 ἐκπεπλευκό-

72 2311 135 2342 τες
165 2295 229 2335 ἐτὶ
262 2289 411 2343 ταύτην
441 2289 514 2343 τήν
543 2287 805 2344 μισθοφορὰν
824 2300 901 2330 etc.
936 2304 1028 2328 cum
1061 2290 1127 2328 his
1158 2291 1316 2330 nostris
1344 2291 1531 2331 conferri

73 2359 296 2391 merentur
329 2349 368 2386 L
375 2362 488 2387 mm.

185 2438 286 2480 Ead.
306 2442 334 2478 1.
358 2444 395 2480 2.
433 2435 502 2483 Οἷς
530 2433 622 2489 μετὰ
654 2441 725 2477 τοῦ
744 2434 837 2484 τούς
866 2438 1008 2487 φίλους
1038 2438 1137 2488 ἔχειν
1172 2438 1281 2489 etc.)
1312 2439 1530 2477 Permole-

74 2506 136 2535 ste
169 2494 218 2533 ab
252 2494 554 2547 interpretibus
585 2492 831 2531 obscuratur
862 2494 1070 2531 sententia
1104 2493 1228 2543 hujus
1258 2494 1530 2536 narrationis,

71 2553 183 2593 Nam
232 2550 440 2595 Etmasmus
492 2563 614 2613 quem
654 2549 844 2602 sequitur
891 2549 1188 2597 Rom-delmius,
1238 2560 1530 2603 piaeterquam

77 2607 193 2661 quod
233 2607 567 2670 praepositionis
608 2606 735 2660 hujus
777 2605 984 2644 rationem
1024 2609 1181 2644 nullam
1223 2606 1394 2655 habeat,
1441 2616 1532 2644 tum

76 2665 202 2705 finem
242 2663 422 2718 pessime
464 2661 650 2715 claudit,
703 2661 887 2702 scribens
925 2660 969 2701 id
1004 2677 1091 2702 vero
1130 2677 1208 2702 non
1247 2662 1438 2704 mediocre
1466 2665 1534 2702 vi-
