1781 3174
378 244 439 276 1N
507 241 794 275 vr'rARUM
867 241 1246 275 Anemonem.
1446 227 1549 277 507

87 345 152 387 καὶ
171 342 262 413 γάρ.
302 339 482 391 ἇττικῶς.
532 341 806 407 Καλλίμαχος,
831 335 1050 383 ’.ἀκούσαθ’
1067 336 1367 392 Ἱππώνακτος,
1401 338 1451 384 οὗ
1473 339 1550 412 γὰρ

86 397 174 443 ἀλλ’
203 400 303 453 η’.κω
345 396 432 441 ἄντι
453 416 546 448 του,
577 399 647 439 καὶ
677 414 753 452 γαρ
776 394 876 450 ἥκω.
935 398 1000 436 Ita
1030 395 1102 436 hic
1132 397 1394 448 Scholiasta,
1427 408 1477 437 ut
1499 396 1549 441 οὗ

83 458 158 514 γὰρ
188 454 284 499 ἄλλα
316 456 457 496 Attice
486 454 646 494 dictum
676 454 731 492 sit
754 468 829 506 pro
858 454 927 495 καὶ
949 452 1038 518 γάρ.
1098 455 1233 493 Paulo
1258 465 1397 494 tamen
1425 458 1552 494 aliter

85 523 395 554 commentatur
423 511 476 551 ad
504 512 647 550 Ranas
674 524 713 551 v.
735 514 803 554 58.
829 509 880 549 ab
913 510 1059 549 initio.
1106 511 1166 549 ibi
1188 510 1240 550 ad
1266 512 1554 581 Aristophanis

84 571 234 620 verba,
272 564 331 612 Ου
353 566 428 623 γὰρ
461 564 545 610 ἀλλ’
544 569 643 637 ε’χω
673 584 827 616 κακως,
859 567 941 615 ait,
967 564 1071 608 Ἀντὶ
1099 572 1197 616 τοῦ,
1227 569 1296 610 καὶ
1324 566 1423 622 γὰρ,
1455 565 1554 610 αλλὰ

83 628 272 695 παρέλκει
294 621 491 675 Ἀττικως
532 620 623 666 ἀντὶ
641 629 738 674 τοῦ,
770 626 842 678 ἔχω
866 621 942 679 γὰρ
973 627 1118 673 κακῶς.
1178 625 1281 664 Non
1303 633 1409 678 puto
1433 625 1555 678 equi-

86 684 179 724 dem
201 679 299 724 ἇλλά
319 683 363 721 in
381 681 461 721 hac
479 681 623 720 Attica
649 679 842 721 dictione
861 681 1083 730 παρέλκειν,
1107 695 1201 719 cum
1223 696 1442 734 nunquam
1468 681 1555 720 nisi

82 755 170 779 una
191 754 284 778 cum
305 738 384 777 hac
406 742 558 778 vocula
581 737 898 790 comperiantur
919 738 1073 776 Graeci
1096 737 1204 776 hanc
1228 737 1462 777 dictionem
1484 737 1555 777 ad-

83 796 289 836 hibuisse.
350 795 516 848 Utique
543 793 660 833 adest
688 793 886 832 omnibus
909 794 1038 843 locis,
1069 808 1175 848 quae
1204 794 1405 847 deinceps
1431 790 1557 834 adfe-

82 867 247 900 remus3
282 867 391 907 quae
412 851 559 890 itidem
574 882 584 902 ,
608 851 750 903 iisque
770 853 914 903 plura,
937 849 1066 890 habet
1086 850 1235 889 suidas
1256 852 1306 890 T.
1325 851 1384 888 ΙΙ.
1406 857 1555 903 p.348.

84 909 165 950 Sed
187 919 229 949 et
253 909 401 949 Suiclas
429 907 489 945 ibi
510 908 647 945 utitur
678 909 754 958 (ut
784 907 939 960 passim
970 910 1106 957 solet)
1138 907 1277 946 verbis
1308 908 1558 947 scholiastae

84 965 248 1014 nostri,
271 977 355 1004 tam
377 979 484 1018 quae
503 963 630 1003 modo
651 962 703 1002 ad
724 963 872 1004 Nubes
900 963 1105 1015 vidimus,
1139 978 1261 1017 quam
1283 977 1390 1017 quae
1413 964 1484 1002 hic
1504 963 1558 1002 ad.

82 1023 251 1069 Rana83
282 1037 428 1062 verum
452 1022 532 1065 ita,
565 1030 614 1059 ut
633 1030 856 1072 appareat,
889 1035 983 1059 eum
1005 1034 1093 1059 esse
1112 1031 1358 1089 corruptum
1379 1030 1420 1060 et
1438 1031 1558 1059 trun-

85 1088 239 1120 catum.
300 1080 398 1117 Ait.
437 1074 609 1132 01}de.
635 1074 940 1146 Ἀριστοφάνης
958 1077 1000 1118 ἐν
1007 1078 1246 1147 Νεφέλαις.
1288 1073 1378 1118 αντὶ
1392 1082 1467 1119 τοῦ
1486 1075 1559 1118 ἆλ-

84 1133 135 1178 λὰ
166 1153 232 1177 και
263 1133 364 1204 γὰρ,
399 1110 587 1183 Ἀττικῶς
616 1151 671 1183 ως
705 1137 972 1187 Καλλίμαχος·
1007 1129 1233 1176 'Amica-'O
1262 1129 1558 1181 Ιππώνακτος.

89 1209 139 1235 ου
158 1190 259 1246 γὰρ,
293 1188 383 1233 ἀντὶ
406 1197 480 1233 τοῦ
501 1192 571 1232 καὶ
600 1189 676 1245 γὰρ
701 1189 800 1243 ἥκω.
861 1191 970 1229 Satis
993 1190 1150 1244 liquet,
1182 1190 1287 1229 haec
1311 1190 1561 1230 Scholiastae

84 1249 211 1288 verba
237 1247 350 1301 apud
371 1247 538 1287 suidam
569 1261 659 1286 esse
681 1247 901 1294 mutilata,
934 1256 976 1286 et
996 1250 1106 1286 male
1139 1262 1190 1287 ex
1212 1246 1558 1311 Aristophanicis

85 1305 269 1345 Nebulis
293 1304 477 1355 produci
503 1302 551 1345 οὗ
575 1301 674 1372 γὰρ,
707 1317 785 1356 pro
815 1300 913 1344 ἄλλα
935 1304 1005 1343 καὶ
1023 1300 1120 1356 γάρ
1155 1313 1196 1342 et
1220 1304 1360 1341 male
1351 1319 1394 1341 1n
1418 1303 1561 1342 verbis

91 1361 331 1401 Callimachi
360 1361 505 1399 omitti
539 1356 639 1409 αλλ’,
673 1374 767 1397 cum
797 1362 904 1398 clare
929 1360 1236 1412 Aristophanes,
1274 1376 1322 1399 ου
1348 1358 1423 1414 γὰρ
1446 1355 1560 1400 ἄλλά·

88 1431 269 1472 cumque
291 1415 440 1456 itidem
465 1420 575 1455 clare
598 1417 640 1454 in
663 1415 908 1455 Callimacho
929 1415 1042 1469 apud
1059 1416 1306 1456 Scholiastcn
1324 1415 1430 1455 illud
1449 1415 1563 1456 idem

89 1473 214 1516 adsit.
274 1474 355 1512 Est
376 1487 566 1542 namque
576 1473 741 1526 integer
763 1473 951 1522 Scazon‚

303 1526 526 1572 'Axovsswa'
554 1526 856 1578 Ιππώνακτος,
889 1524 937 1570 οὗ
956 1546 1032 1583 γαρ
1055 1527 1142 1570 ἀλλ’
1162 1527 1260 1581 ‘is-nco

90 1587 379 1642 Aristophanes
397 1600 527 1640 porro
550 1586 592 1624 in
618 1586 754 1625 Ranis
776 1587 826 1624 A.
852 1585 886 1625 Ι.
915 1585 981 1624 Sc.
1006 1587 1060 1624 ΙΙ.
1085 1600 1220 1639 prope
1244 1585 1389 1637 finem,

319 1645 419 1694 Φέρε
440 1641 488 1694 δὴ
509 1644 655 1696 ταχέως
678 1637 782 1684 αὕτ’.
817 1637 864 1684 οὗ
884 1640 959 1695 γὰο
982 1639 1080 1683 αλλὰ
1098 1644 1293 1684 πειστέον.

91 1699 179 1739 Hic
200 1699 343 1738 allinit
373 1700 424 1738 de
444 1714 521 1738 suo
544 1701 774 1752 interp1·,es
807 1698 931 1737 verba
957 1697 1004 1739 οὐ
1038 1698 1113 1753 γὰρ
1149 1697 1245 1739 ἀλλὰ
1267 1699 1450 1740 πειστέον
1474 1712 1566 1737 ver-

93 1765 200 1805 tens,
235 1773 311 1796 non
331 1759 470 1805 ausim,
503 1756 571 1794 sed
590 1773 672 1794 meo
691 1771 776 1794 mos
796 1765 849 1793 est
866 1755 1058 1807 gerendus
1076 1756 1179 1796 ker-0.
1241 1756 1469 1806 Dionysus
1493 1756 1566 1792 he-

95 1827 167 1851 rus
189 1813 328 1866 exigit
360 1814 409 1851 ab
434 1811 625 1851 Xanthia
658 1826 804 1860 servo,
837 1822 884 1848 ut
910 1811 993 1863 ipsi
1029 1813 1142 1849 inter
1170 1827 1212 1850 se
1247 1815 1350 1850 alter
1390 1811 1566 1849 alterius

95 1882 319 1921 personam
342 1868 587 1914 adsumant;
623 1867 720 1906 dum
742 1867 834 1919 ipse
855 1866 1164 1916 fiatXanthias‚
1195 1867 1409 1907 Xanthias
1431 1867 1570 1906 leoni-

97 1938 194 1962 nam
219 1925 411 1977 Dionysi
441 1924 616 1973 induat,
651 1927 897 1977 clavamque
926 1933 968 1963 et
996 1924 1200 1977 reliquam
1236 1922 1384 1973 σκευὴν
1406 1924 1571 1961 Hercu-

96 1983 207 2019 leam
230 1980 280 2019 ab
302 1980 405 2019 hero
428 1981 632 2032 Dionyso
653 1989 802 2020 sumat.
863 1979 930 2018 Ad
962 1979 1067 2018 haec
1092 1983 1322 2032 respondet
1341 1979 1568 2027 Xanthias,

104 2039 206 2089 Φέρε
226 2047 306 2077 etc.
330 2052 436 2105 quae
457 2038 517 2074 ita
541 2046 678 2076 verte:
715 2036 817 2076 Cedo
836 2052 881 2075 ea
900 2036 997 2076 mihi
1015 2035 1207 2088 celeriter,
1241 2053 1407 2092 namque
1421 2052 1572 2090 paren-

101 2092 195 2133 dum
215 2104 282 2134 est.
342 2095 394 2132 In
419 2089 676 2161 Ἐκκλησιαζ.
689 2108 727 2134 v
753 2098 850 2136 387

320 2174 377 2179 —
413 2148 471 2191 Οὐ
490 2167 564 2205 γαρ
590 2146 676 2190 ἄλλ’
695 2146 915 2206 ὖπερφυως

854 2213 870 2219 ..s
921 2202 967 2220 θ’

315 2205 386 2256 Ὡς
406 2204 697 2273 λευκοπληθὴς
714 2207 768 2258 ἦν
793 2209 890 2248 ἰόειυ
906 2224 931 2259 η
970 2207 1151 2260 κκλησία.

322 2287 380 2295 —-
409 2264 590 2317 Namque
621 2265 765 2316 insigni
786 2266 936 2303 ratione

325 2319 469 2360 Videte
489 2331 571 2358 crat
590 2336 708 2375 quam
733 2320 867 2360 album
887 2331 980 2359 esset
1000 2320 1225 2360 concilium.

106 2379 165 2417 Et
188 2376 260 2417 hic
279 2391 451 2432 quoque
474 2380 579 2415 male
605 2379 802 2429 vulgatus
824 2376 1031 2429 interpres
1053 2372 1099 2418 οὗ
1122 2376 1195 2431 γὶερ
1216 2373 1304 2418 ἄλλ’
1329 2375 1378 2415 ad
1402 2375 1578 2416 verbum

109 2434 239 2474 vertit
267 2450 344 2473 non
367 2435 488 2483 enim,
519 2432 598 2472 sed.
660 2434 782 2472 Patet
814 2432 965 2480 etiam,
1000 2434 1094 2471 falli
1128 2433 1471 2484 Aem.P0r,1um
1504 2432 1581 2485 qui

109 2490 226 2529 hunc
253 2494 396 2529 locum
423 2505 475 2530 ex
498 2488 956 2541 Thesmophoriazusis
988 2489 1093 2527 citat
1117 2489 1228 2543 apud
1249 2489 1430 2532 Suiclam.
1490 2489 1581 2529 Ite-

112 2562 205 2586 rum
226 2547 271 2585 in
293 2546 427 2585 Ranis
451 2561 487 2587 v.
509 2549 576 2590 54.
600 2545 651 2584 ab
673 2545 802 2584 initio
827 2545 1107 2594 Comoediae,

338 2601 415 2654 Μὴ
442 2603 595 2646 σκῶπτέ
613 2599 654 2656 μ’
679 2603 708 2643 ὠ
721 2599 866 2651 ’δελφῖ
909 2600 955 2643 οὗ
973 2620 1048 2657 γαρ
1072 2598 1161 2644 ἄλλ’
1187 2604 1259 2656 ἔχω
1276 2619 1426 2652 κακως.

114 2659 203 2700 Hic
220 2656 388 2698 tandem
411 2658 517 2699 bene
545 2658 726 2699 vertitur
753 2662 954 2698 enimuero.
1016 2659 1141 2723 Apud
1164 2661 1389 2700 Lucianum
1415 2672 1586 2715 quoque

119 2717 166 2756 in
190 2717 260 2755 De
288 2715 479 2754 Parasito
502 2730 538 2754 c.
561 2720 628 2759 49.
652 2715 756 2754 haec
788 2714 929 2755 eadem
955 2716 1136 2755 recurrit
1167 2717 1377 2767 formula,
1409 2727 1452 2755 et
1475 2725 1587 2755 recte

109 2773 171 2813 ab
194 2773 427 2826 interprete
440 2774 629 2812 enimvero
651 2771 857 2812 redditur
891 2772 1108 2827 Quoniam
1136 2787 1237 2814 veto
1254 2774 1289 2813 is
1312 2776 1435 2813 locus
1455 2786 1585 2826 quan·
