1781 3174
521 188 602 218 IN
678 187 1169 222 CHARONEM.
1475 183 1573 228 467

100 285 386 343 ἐμβοήσωμεν,
417 296 466 325 ut
497 285 542 325 in
569 284 691 324 libris
723 294 798 327 est.
860 284 957 326 Vid.
981 285 1137 325 Notam
1171 287 1223 326 ad
1253 287 1410 344 Nax-ig,
1449 306 1483 332 c,
1507 298 1569 337 10,

99 355 142 384 et
163 359 330 383 sensum
356 344 481 397 hujus
516 341 636 382 verbi
662 340 713 381 de
733 342 864 380 Luct.
889 357 924 381 c.
953 345 1016 387 15.
1061 343 1231 384 SOLAN.

206 423 309 462 Eacl.
332 426 360 463 l.
385 428 425 465 2.
459 418 654 472 Περιττόν
678 425 795 462 τοῦτο
818 420 964 475 λέγειν,
996 420 1023 463 ἃ
1052 423 1217 476 ἴσασιν)
1248 423 1316 465 Ne
1339 440 1460 477 quem
1493 430 1564 468 of-

94 480 243 519 fendat
265 479 417 518 haecce
439 477 720 527 constructio,
751 476 897 516 videat
917 481 1009 531 ejus
1027 483 1218 531 exempla
1239 496 1303 534 ap.
1325 482 1369 522 F.
1394 484 1444 524 L.
1467 486 1562 524 Ab·

93 537 212 576 resch,
239 531 284 573 iri
317 533 530 578 animadv,
557 531 608 571 ad
629 532 815 588 Aeschyl.
838 548 876 585 p-
905 539 997 578 186-
1029 535 1104 574 Ubi
1133 533 1161 577 ἃ
1193 536 1388 577 Obsel'vat
1412 542 1560 580 referri

89 592 143 631 ad
167 596 307 642 τοῦτο,
340 590 590 639 collective,
622 598 671 628 nt
700 590 744 627 in
771 590 957 645 Aeschyl.
989 591 1101 631 Pers.
1130 598 1224 636 217,
1255 596 1313 635 Εἴ
1345 600 1403 636 ΤΙ
1426 601 1562 648 φλαῦ-

88 665 163 702 ρον
187 647 305 696 εἶδες,
339 649 455 688 αἰτοῦ
478 651 602 688 ΤΩΝ
617 650 696 686 ΛΕ
721 641 957 699 ἀποτροπὴν
974 650 1118 700 λαβεῖν.
1179 651 1237 688 Et
1257 652 1440 706 λέηορῆ.
1462 654 1558 693 VII.

87 704 225 746 Anah,
248 719 291 757 p.
310 708 408 747 243.
429 706 505 742 ult.
526 706 758 744 ΣΠΑΝῙΑ
781 702 824 743 δὲ
843 704 997 755 ἔχοντες
1010 701 1196 747 ‘'OTOT
1221 704 1434 760 ὀνήσεσθε.
1472 710 1557 750 De-

84 761 224 801 mosth.
258 761 302 798 in
337 761 464 812 Lept.
487 773 527 811 p.
548 764 645 804 302.
680 756 766 800 Οὔκ
786 759 890 800 ἔστιν
913 758 1096 803 ‘'OTOY
1119 760 1168 804 οὕ
1186 770 1315 816 τυχεῖν
1331 759 1418 806 ἳΩν
1441 767 1554 821 ἕβου-

81 814 281 870 λήθησαν.
341 817 400 855 Et
421 815 528 854 illud
548 817 726 855 Luciani
748 815 873 855 etiam
892 815 1034 863 addit,
1066 833 1153 857 non
1176 823 1308 860 male:
1340 822 1419 861 etsi
1440 825 1552 863 enim

81 873 126 912 id
146 882 291 927 posset
311 872 527 923 construi,
558 874 684 926 λέγειν
712 869 738 912 ὁὶ
759 873 909 922 ἴσασιν,
941 878 1059 915 τοῦτο
1095 875 1279 928 περιττόν
1299 878 1402 928 ἐστι,
1436 890 1553 917 tum-

82 944 167 981 que
199 928 312 967 nihil
343 929 558 983 singulare
590 928 789 978 haberet3
838 938 975 968 tamen
1011 933 1187 970 alterum
1216 945 1303 971 non
1335 933 1550 988 displicet.

75 986 242 1025 Rizr'rz.
274 984 494 1024 Nonnihil
509 995 648 1024 tamen
671 984 751 1025 h.l.
767 984 1019 1024 offensionis
1041 985 1170 1027 habet
1190 993 1323 1035 τοῦτο,
1357 987 1397 1031 ἃ.
1430 992 1549 1031 Mul.

78 1051 124 1080 to
147 1041 388 1094 simplicius
412 1052 454 1081 et
477 1041 726 1080 clementius
757 1051 842 1089 est,
879 1041 994 1095 quod
1015 1042 1137 1084 Gorl.
1161 1044 1428 1098 suppeditat:
1471 1054 1551 1091 Hs-

77 1095 211 1150 ριττὸν
227 1099 294 1140 καὶ
312 1102 431 1139 τοῦτο
446 1129 456 1146 ,
490 1097 599 1150 (int.
619 1097 727 1149 ἐστι)
745 1098 869 1153 λέγειν
886 1107 965 1139 etc.
990 1100 1106 1152 quod
1128 1115 1335 1154 reponere
1355 1117 1442 1143 non
1465 1104 1551 1144 du-

73 1153 272 1198 bitabam,
311 1156 466 1194 Liznm.

188 1233 292 1272 Ead.
312 1236 340 1273 l.
363 1239 401 1277 3.
431 1228 782 1287 Ἀποσπᾶσαντες)
811 1233 859 1273 Ρ.
888 1243 931 1272 et
956 1232 1019 1275 ed.
1049 1234 1090 1273 J.
1123 1247 1201 1286 pro
1235 1238 1412 1290 vulgato
1438 1234 1550 1282 ἄπο-

75 1288 251 1338 στᾶντες.
284 1289 454 1329 SOLAx.
511 1287 834 1338 Ἀποσπάσαντες
853 1288 956 1341 quid
979 1304 1130 1329 causae
1154 1290 1231 1339 sit,
1266 1305 1394 1343 quare
1416 1294 1548 1334 admi-

74 1347 198 1386 serim
213 1377 224 1397 ,
257 1348 497 1384 luculenter
520 1345 682 1398 patebit
703 1360 755 1384 ex
790 1347 904 1384 notis
922 1344 974 1384 ad
996 1346 1090 1384 Vol.
1111 1347 1170 1386 II.
1195 1361 1237 1399 p.
1259 1352 1327 1391 64.
1351 1360 1549 1403 praeter—-

73 1417 198 1457 quarn
223 1402 335 1441 enim
363 1400 477 1454 quod
499 1415 633 1455 genus
654 1401 738 1440 hoc
759 1402 964 1455 loquendi
983 1401 1169 1442 Luciano
1192 1404 1430 1455 familiare,
1463 1408 1543 1447 vix

71 1460 178 1506 erit,
211 1468 259 1496 ut
279 1460 390 1496 ullus
422 1457 620 1496 librarius
644 1458 985 1512 vulgatissimum
1016 1454 1265 1509 ἀποστάντες
1285 1472 1450 1502 mutare
1475 1477 1547 1518 ag-

71 1514 315 1570 gradiatur:
362 1523 510 1553 contra
552 1529 626 1553 cur
664 1509 970 1563 ἀποσπάσαντες
1013 1513 1168 1555 abierit
1206 1516 1251 1553 in
1283 1514 1542 1570 ἀποστάντες,

69 1586 161 1611 non
178 1585 262 1609 una
296 1569 416 1610 reddi
434 1579 579 1623 potest
606 1570 740 1610 ratio:
775 1586 821 1610 ea
844 1570 1015 1623 quidem
1038 1572 1292 1624 praecipua,
1326 1575 1441 1627 quod
1467 1577 1540 1614 in—

69 1637 444 1680 terpretamentum
477 1626 657 1680 genuini
689 1626 809 1666 verbi
841 1627 982 1666 sedem
1010 1627 1232 1668 invaserit.
1292 1630 1467 1672 Aristicl.
1490 1635 1543 1674 T.

67 1684 153 1723 ΙΙΙ.
173 1698 215 1736 p.
239 1688 336 1728 577.
358 1684 407 1722 A.
432 1682 536 1725 πολὺ
565 1688 639 1736 τῆς
669 1682 798 1736 ὄχθης
824 1679 1065 1732 ἀποσπάσας
1084 1689 1158 1725 τοῦ
1176 1692 1372 1738 ποταμοῦ.
1433 1688 1541 1731 Poll.

67 1740 208 1780 Praef.
231 1739 332 1778 libri
354 1740 404 1779 V.
429 1742 465 1781 εἰ
492 1741 624 1792 μέλλει
651 1736 922 1793 καθαιρήσειν
942 1738 989 1780 τὰ
1019 1738 1266 1782 ἀποσπῶντα
1289 1739 1367 1794 ἀφ’
1399 1745 1542 1787 ἵππου·

70 1810 181 1849 quae
196 1796 382 1835 Kulmius
409 1795 460 1834 ab
491 1797 730 1849 Interprete
762 1809 979 1849 perperam
1012 1796 1232 1837 intellecta
1267 1808 1381 1839 recte
1400 1813 1542 1855 expo-

68 1852 170 1892 suit.
218 1853 402 1891 HEMST.

176 1906 282 1947 Eacl·
305 1910 330 1946 l·
357 1912 422 1950 10.
450 1903 516 1949 Ἐν
539 1907 621 1960 ἔτι)
654 1906 798 1947 Scribe
826 1909 872 1949 ἓν
891 1909 957 1949 ἔτι.
1002 1908 1145 1948 Bnon.

179 1974 282 2016 Ead.
300 1977 327 2016 l.
353 1979 417 2018 12.
455 1973 720 2029 Θεάσασθαι)
749 1976 839 2014 Aut
860 1974 965 2014 haec
990 1991 1099 2023 vox,
1134 1987 1206 2016 aut
1237 1979 1382 2021 εἰδέναι
1401 1979 1541 2019 abun·

67 2030 153 2071 dat.
185 2031 351 2072 Sorax.
416 2031 575 2071 Cursus
605 2033 814 2071 orationis
847 2034 1066 2085 paululum
1090 2033 1344 2086 impeditus;
1379 2050 1457 2076 nec
1479 2039 1541 2076 fa·

67 2089 149 2127 cile
181 2087 318 2135 dicas,
349 2087 554 2127 »tudione
577 2103 629 2127 an
659 2088 904 2141 imprudens
927 2103 1021 2127 eum
1047 2090 1092 2127 in
1119 2090 1291 2129 modum
1322 2092 1542 2146 scripserit

64 2145 293 2184 Luc-ianus.-
325 2144 598 2196 repetendum
633 2158 685 2183 ex
709 2145 925 2197 prioribus
956 2142 1138 2187 ἐπόθουν
1161 2145 1417 2189 θεάσασθαι·
1448 2159 1539 2188 tum

67 2214 192 2253 cape,
227 2201 348 2254 quasi
368 2200 484 2239 hunc
509 2201 702 2239 ordinem
730 2201 952 2240 verborum
975 2202 1258 2254 instituisset,
1291 2204 1360 2254 τὰς
1381 2201 1540 2259 cinoth&-

67 2273 161 2307 κας,
192 2258 259 2298 ἵνα
285 2255 332 2298 τὰ
363 2255 523 2309 σώματα
549 2255 852 2310 κατορύττουσι.
917 2257 1133 2311 Quoniam
1159 2274 1258 2298 vero
1276 2259 1346 2310 τὰς
1369 2257 1538 2315 ἀποθή-

69 2329 144 2361 κας
161 2317 239 2354 τῶν
268 2311 461 2366 σωμάτων
484 2313 679 2366 Charon,
713 2324 912 2367 tanquam
944 2314 1139 2368 ignarus,
1173 2316 1328 2369 quibus
1349 2320 1536 2372 propriis

69 2369 289 2408 vocabulis
327 2369 640 2424 insignientur,
692 2380 1013 2420 commemorat,
1064 2370 1226 2410 idcirco
1268 2388 1354 2412 non
1394 2375 1538 2414 noluit

68 2425 313 2463 Mercurius
339 2428 475 2465 varias
498 2430 756 2466 tumulorum
783 2425 896 2478 apud
919 2427 1103 2465 Graecos
1126 2430 1435 2480 appellationes
1459 2431 1537 2469 ob-

70 2480 150 2518 iter
175 2481 356 2521 sodalem
376 2483 582 2535 optimum
608 2483 777 2522 docere:
813 2496 891 2534 qua
919 2481 1088 2534 quidem
1114 2483 1155 2520 in
1181 2499 1222 2522 re
1250 2487 1411 2525 nullum
1437 2502 1537 2526 nae-

71 2549 170 2574 vum
190 2535 338 2584 video,
371 2539 445 2591 qui
465 2550 726 2578 venustatem
756 2539 882 2590 lzujus
901 2538 1038 2576 libelli
1060 2539 1299 2578 imminuat.
1352 2544 1534 2583 Hssms'r.

70 2591 223 2646 Neque
254 2607 332 2646 ego
363 2593 505 2635 video.
564 2595 657 2633 Imo
689 2610 785 2634 vero
822 2605 868 2632 ut
895 2609 970 2647 per
1005 2604 1140 2633 totum
1170 2596 1282 2635 hunc
1305 2597 1537 2653 dialogum,

73 2648 132 2686 ita
155 2649 200 2686 in
228 2649 309 2687 hoc
334 2663 504 2703 quoque
533 2665 684 2690 vocum
719 2665 912 2697 recensu,
950 2665 1033 2689 nun
1064 2650 1229 2690 doctam
1254 2655 1445 2709 magistri
1470 2658 1536 2695 in·-

73 2705 367 2755 stitutionem‚
399 2706 470 2743 sed
498 2721 730 2746 sermonem
764 2707 1037 2745 familiarium
1071 2707 1245 2747 hilarem
1277 2724 1324 2749 ac
1345 2714 1536 2764 jocosum

1124 2766 1261 2818 (ig2
