1781 3174
234 221 335 267 574
593 222 1345 259 ADNo'rA'riones

237 326 548 383 adspirationes
593 320 841 377 hujusmodi
871 335 959 362 non
1010 322 1312 373 inveniantur,
1362 333 1485 364 tanto
1525 323 1698 364 facilius

236 388 397 428 scribae
421 398 468 422 ac
490 380 752 436 typographi
784 379 1041 432 posteriores
1071 379 1116 418 in
1145 381 1232 419 illis
1263 391 1467 421 errarunt.
1527 382 1698 421 Etcum

237 444 400 485 Homer.
424 441 589 494 integre
618 436 776 476 scribat
795 439 815 477 ἓ
831 431 977 486 αὐτὸν,
1008 436 1083 474 ubi
1103 453 1142 475 se
1160 439 1286 491 ipsum
1314 437 1605 492 significatur,
1637 436 1701 475 di-

238 499 417 540 stinctio
437 495 580 536 eadem
602 495 714 533 inter
736 493 998 545 reciprocum
1020 502 1061 532 et
1092 492 1470 533 demonstrativum
1496 509 1576 547 ope
1608 493 1702 547 spi-

237 559 375 606 ritus,
406 568 458 592 ex
486 550 864 591 Grammaticorum
892 549 1127 602 praeceptis
1155 560 1218 589 est
1244 550 1470 599 servanda,
1503 549 1700 603 inprimis

238 613 333 662 hic,
366 609 441 648 ubi
464 607 705 662 ambiguum
733 606 867 655 foret,
901 606 937 644 si
969 606 1279 660 negligeretur,
1312 608 1392 647 etsi
1419 608 1509 646 scio
1545 608 1592 645 in
1613 606 1703 644 dia-

237 673 351 709 lecto
374 667 493 705 Aeol.
514 665 615 718 spir.
635 677 826 716 asperum
854 675 978 715 saepe
1002 662 1191 717 negligi,
1223 672 1265 702 et
1291 677 1354 716 ap.
1379 664 1544 704 Homer.
1579 661 1703 704 αὐτὸν

239 739 316 779 pro
337 721 480 766 ἑαυτὸν
510 721 711 761 inveniri.
773 719 1011 769 Praeterea,
1045 718 1097 756 ad
1124 733 1291 758 sensum
1325 721 1581 774 apertiorem
1611 717 1704 759 red·

241 780 423 822 dendum
440 811 450 828 ‚
483 792 641 817 comma
665 784 759 829 post
779 773 993 826 ἐπώνυμον
1012 775 1271 816 sustulimus.
1303 776 1416 815 'Rau
1430 790 1470 818 z.

353 836 455 878 Ead.
488 837 516 875 l.
545 839 584 878 6.
627 830 861 882 Ἐποιεῐτο)
900 832 968 871 An
1007 832 1210 883 ἐπονεῖτος
1253 832 1429 872 ΟυΥΕΤ.
1495 832 1705 873 Brodcteus

238 898 538 950 προςεποιεῖτο,
573 888 687 944 quod
709 888 866 942 probo,
899 897 1061 928 mutare
1079 897 1218 928 tamen
1240 903 1328 927 non
1348 888 1499 928 audeo.
1533 890 1704 929 SOLAN.

354 949 459 990 Ibid.
493 948 574 989 Καὶ
594 943 640 988 οὗ
659 944 753 993 τοὺς
769 943 914 1000 λόγους
935 946 1134 993 ἐποιεῖτο)
1165 946 1292 999 Angl.
1312 947 1380 988 καὶ
1412 939 1531 995 οὗτος
1546 943 1708 1000 ψόγους

240 1010 302 1051 ἐπ’.
332 1007 511 1047 Eoum).
571 1001 800 1050 Brodaeus,
830 1001 1011 1051 καὶτοὺς
1037 998 1182 1056 λόγους
1201 1008 1497 1055 προςεποιεῖτο,·
1528 1001 1600 1042 sed
1618 1017 1708 1042 me-

239 1067 326 1106 lius
349 1062 458 1102 illud
478 1063 670 1104 ἐποιεῖτο·
702 1059 887 1113 intelligi
911 1059 1022 1096 enim
1042 1061 1134 1096 vult
1158 1058 1387 1099 Lucianus:
1417 1059 1453 1097 si
1472 1059 1566 1113 quis
1591 1059 1707 1098 Stoi-

242 1137 359 1169 cum,
395 1129 468 1158 aut
498 1115 793 1166 Platonicum,
826 1125 898 1153 aut
926 1113 1261 1169 Pythagoricum
1289 1129 1332 1155 se
1362 1115 1546 1166 diceret,
1581 1125 1707 1170 atque

242 1179 301 1217 ita
318 1178 408 1216 sive
429 1174 504 1214 tali
521 1173 756 1217 schemate.
790 1172 881 1210 sive
899 1172 975 1210 sub
996 1172 1070 1210 tali
1091 1185 1271 1225 persona
1292 1171 1544 1214 dissertaret.
1577 1171 1709 1210 MAR-

245 1248 338 1274 οη..
394 1231 513 1271 Mihi
535 1230 586 1270 de
611 1229 693 1268 hoc
721 1228 904 1282 graviter
927 1238 1080 1267 vexato
1102 1229 1198 1266 loco
1220 1228 1278 1266 ita
1305 1227 1486 1270 videtur.
1518 1229 1708 1269 Primum

240 1289 466 1346 legendum
493 1302 580 1327 esse
611 1309 664 1315 -—-
695 1282 723 1338 ἢ
751 1282 1023 1339 Πυθαγόραν,
1054 1281 1083 1336 ἢ
1113 1281 1207 1325 ὅτου
1236 1283 1357 1326 αὗτὸν
1386 1282 1600 1337 ἐπώνυμον
1629 1294 1707 1325 etc.

241 1361 380 1400 neque
401 1358 512 1393 esse,
547 1342 662 1397 quod
691 1345 758 1381 vel
787 1341 1035 1380 Sclzoliasiae
1055 1341 1265 1390 lectione,
1297 1344 1364 1380 vel
1396 1341 1580 1396 Scyboldi
1607 1340 1708 1379 hinc

241 1403 435 1456 profecta
457 1403 700 1453 conjectura
722 1398 930 1445 turberis,
964 1397 1172 1435 monitum
1198 1400 1279 1450 jam
1310 1398 1353 1434 in
1379 1408 1468 1436 not.
1491 1398 1543 1436 ad
1564 1397 1704 1438 Schol.

240 1461 292 1499 In
327 1460 378 1497 iis
407 1471 530 1507 vero,
571 1469 678 1509 quae
710 1462 969 1507 sequuntur,
1009 1453 1189 1491 maxime
1218 1452 1399 1492 offendit
1429 1453 1707 1507 elegantissi-

240 1531 354 1555 mum
377 1527 585 1570 quemque
608 1515 807 1550 lectorem
834 1509 1004 1548 verbum
1031 1511 1199 1550 ἐποιεῖτο
1232 1509 1294 1547 bis
1316 1524 1447 1562 parvo
1477 1511 1705 1548 intervallo

240 1572 427 1627 positum
444 1589 454 1618 ;
490 1568 605 1623 quod
629 1577 766 1606 tamen
783 1568 829 1606 T.
845 1567 889 1606 F.
902 1565 1136 1605 Benedictus
1155 1564 1205 1603 ad
1222 1576 1379 1620 gratam
1402 1565 1613 1619 quandam
1635 1580 1707 1604 ne-

241 1628 490 1685 gligentiam
516 1624 665 1665 ref'erri
686 1626 790 1663 vult.
832 1623 923 1662 Nec
943 1637 1041 1662 sane
1061 1623 1286 1671 immerito,
1311 1623 1413 1661 licet
1431 1622 1707 1675 pertinaciter

243 1699 387 1725 omnes
407 1682 508 1722 libri
528 1691 753 1735 utrumque
772 1688 991 1730 tueantur,
1025 1678 1074 1717 de
1098 1675 1302 1716 tentando
1322 1681 1525 1717 alterutro
1548 1679 1708 1732 cogita-

240 1752 329 1781 tum
345 1750 421 1780 est.
451 1738 532 1779 Sed
555 1747 697 1776 utrum
720 1736 873 1776 tentari
890 1734 1053 1783 debeat,
1069 1733 1151 1772 hoc
1173 1747 1274 1772 vero
1289 1734 1516 1788 quaeritur.
1550 1735 1707 1789 Seybol-

242 1798 315 1838 dus
330 1795 500 1851 quidem
515 1795 632 1848 prius
646 1793 796 1831 horum
814 1792 989 1830 omnino
1011 1789 1268 1845 ejiciendum
1283 1799 1412 1839 ratus,
1427 1790 1487 1829 sic
1499 1792 1604 1846 legit
1616 1805 1706 1830 ver·

239 1856 312 1896 ba:
346 1853 440 1896 ὅτου
462 1850 585 1894 αὑτὸν
605 1849 814 1902 ἐπώνυμον
835 1847 856 1890 ὁ
879 1846 1157 1901 διαμαρτάνων
1177 1847 1325 1895 ἐκεῖνος
1346 1849 1412 1888 καὶ
1429 1844 1522 1889 ὅτου
1537 1849 1624 1900 (vel
1638 1841 1706 1898 οὗ)

237 1910 334 1960 τούς
354 1908 500 1964 λόγους
516 1910 696 1951 ἐποιεῖτο.
763 1906 884 1959 Quae
908 1905 1077 1958 quidem
1096 1904 1255 1943 Latine
1279 1917 1419 1943 versa:
1451 1908 1561 1958 cujus
1582 1916 1617 1943 et
1638 1919 1707 1943 no-

238 1985 325 2007 men
352 1966 560 2007 sceleratus
594 1963 662 2003 ille
679 1974 713 2002 et
739 1962 893 2017 placila
917 1961 1120 2018 professus
1147 1971 1228 2007 est,
1275 1974 1362 1998 non
1394 1964 1502 2000 male
1528 1970 1706 2011 sonant,

239 2026 398 2064 Graece
418 2036 518 2062 vero
542 2021 717 2060 recitata
741 2018 927 2069 nemini,
963 2018 1038 2071 qui
1058 2016 1184 2069 hujus
1206 2017 1378 2069 linguae
1398 2016 1619 2070 ingenium
1642 2031 1706 2057 ce·

237 2082 372 2135 perit,
406 2082 572 2133 placere
594 2086 786 2129 possunt.
848 2074 1013 2128 Quidni
1037 2073 1147 2112 enim
1168 2073 1416 2123 Lucimrus,
1449 2073 1484 2111 si
1506 2074 1565 2112 ita
1583 2074 1704 2128 loqui

237 2137 469 2186 voluisset,
503 2134 648 2187 potins
671 2132 731 2170 sic
754 2131 987 2184 simplicius
1010 2139 1051 2170 et
1082 2129 1340 2168 concinnius
1373 2139 1554 2169 mentem
1585 2144 1702 2168 suam

238 2193 536 2246 explicuisset:
568 2187 663 2231 ὅπου
681 2187 724 2230 τὸ
751 2184 880 2239 ὄνομά
897 2204 936 2228 τε
955 2189 1019 2228 καὶ
1042 2185 1133 2234 τούς
1149 2183 1294 2240 λόγους
1311 2186 1505 2237 §nonsit-Q
1535 2186 1702 2226 Placuit

237 2260 378 2289 autem
414 2246 612 2300 scriptori
648 2245 777 2283 simili
807 2243 950 2296 phrasi
980 2243 1063 2291 uti,
1107 2257 1154 2280 ac
1188 2256 1296 2295 quae
1327 2241 1440 2280 infra
1475 2242 1703 2280 adhibetur
1750 2256 1754 2257 ⁷

237 2322 329 2360 cap.
355 2309 424 2350 51.
448 2304 522 2342 ubi
539 2300 835 2342 Parrhesiades
863 2299 1171 2353 philosophum
1199 2296 1405 2350 quendam
1430 2298 1700 2351 adloquitur:

236 2358 329 2416 φέρ’
354 2365 427 2405 ἴδω
450 2362 559 2408 τίνος
589 2356 803 2411 ἐπώνυμον
831 2355 999 2398 σεαυτὸν
1031 2355 1134 2398 εἶναι
1161 2356 1307 2408 λέγεις,·
1337 2367 1413 2406 pro
1445 2353 1548 2396 εἶναι
1578 2356 1702 2408 λέγεις

235 2418 363 2459 modo
387 2417 599 2470 exquisite
621 2414 664 2454 h.
688 2417 715 2453 l.
738 2427 825 2452 uno
849 2413 988 2451 utitur
1011 2412 1139 2452 verbo
1161 2416 1390 2456 ποιεῖσθαι,
1424 2411 1539 2463 quod
1565 2412 1699 2465 magis

236 2474 409 2529 proprie
447 2473 611 2511 indicet
643 2471 879 2508 simulatam
918 2469 1104 2508 nominis
1140 2467 1462 2520 professionem.
1522 2468 1698 2506 Rectius

235 2534 383 2584 itaque
416 2530 465 2569 ab
495 2529 613 2577 aliis,
654 2526 790 2580 iisque
813 2526 1031 2578 plurimis,
1074 2524 1226 2563 vitium
1267 2522 1353 2559 loci
1389 2522 1434 2560 in
1469 2524 1698 2577 posteriori

237 2588 536 2626 enuntiatione
558 2583 786 2638 quaeritur.
834 2583 892 2619 Et
920 2583 950 2621 ii
971 2581 1154 2637 quidem,
1180 2577 1253 2632 qui
1277 2577 1415 2617 adhuc
1436 2594 1456 2618 a
1480 2581 1583 2619 falsa
1606 2583 1699 2619 lec—

236 2644 357 2682 tione
380 2640 427 2684 οὐ
448 2641 642 2693 suspensi
665 2647 805 2687 erant,
843 2639 997 2693 corrigi
1024 2639 1252 2677 voluerunt
1273 2636 1471 2690 ἐπονεῖτο,
1503 2647 1552 2675 ut
1576 2636 1696 2689 Guyc·

235 2711 298 2739 ius
322 2708 363 2738 et
391 2698 622 2738 Gronovius.
685 2694 800 2748 Quid
833 2705 971 2735 autem
997 2692 1182 2737 Βεῖἱηιιε,
1217 2692 1291 2744 qui
1321 2691 1368 2733 οὗ
1395 2706 1430 2731 e.
1454 2692 1546 2732 cod.
1571 2698 1694 2736 2954.

234 2755 443 2811 praefert,
475 2764 517 2794 et
544 2763 683 2793 tamen
710 2753 889 2796 ἐπονεῖτο
909 2751 1078 2806 probat,
1111 2746 1194 2789 sibi
1212 2747 1481 2801 cogitaverit,
1513 2748 1695 2789 difficul.
