1781 3174
242 214 340 265 596
599 214 1349 251 ADNOTATIONBS

355 321 458 379 fag,
494 323 591 366 186.
623 320 652 358 1.
677 321 716 361 1.
748 312 1044 366 Ἀκανθώδεις)
1084 315 1327 356 Stoicorum
1359 316 1624 357 severitatem
1661 326 1701 355 et

247 383 441 441 spinosas
467 377 727 419 subtilitates
749 374 934 427 Logicas
964 373 1119 426 carpit:
1151 372 1266 427 quod
1289 383 1427 412 autem
1451 376 1605 412 multos
1629 373 1705 412 hu-

247 447 316 498 jus
338 437 500 496 generis
523 448 612 474 esse
634 432 714 482 ait,
745 444 834 468 non
854 429 1028 468 dubium
1049 439 1132 480 est,
1165 430 1270 484 quin
1293 440 1468 483 propter
1487 431 1552 470 M.
1575 431 1705 468 Aure—

248 500 356 539 lium
395 497 688 547 imperatorem
723 485 914 526 Stoicum
946 495 989 526 et
1020 487 1159 539 ipsum
1196 489 1337 540 plures
1364 486 1468 525 huic
1501 487 1704 535 familiae,

253 568 376 610 quam
400 548 570 597 ceteris,
601 558 759 584 nomen
783 541 943 582 darent.
976 543 1142 582 SOLAN.

364 605 466 648 Ead.
486 608 515 643 l.
538 609 579 647 2.
605 599 791 655 Ἐχίνων)
821 600 958 638 GIOSS.
981 600 1027 637 in
1051 614 1178 655 marg.
1200 600 1330 640 Paris.
1351 600 1536 640 Echinus.
1567 598 1713 638 Latine

253 666 488 712 Erinaceus‚
516 661 639 714 spinis
670 654 876 697 aculeatis.
920 657 1081 698 RmTz,

365 719 467 761 Ead.
495 720 522 757 1.
542 720 581 760 9.
613 712 664 757 Ὦ,
697 711 939 766 Πόσειδον)
975 713 1156 752 Auctior
1188 727 1295 754 voce
1327 728 1411 753 una
1446 713 1573 768 Angl.
1605 711 1712 753 Cod.

253 783 413 834 ταχεῖαν
435 775 596 818 ἐπιτέλει
609 770 683 825 τὴν
703 769 842 826 ἄγραν.
874 772 1051 810 Boxum.

369 831 473 874 Ead.
488 834 517 870 1.
541 835 607 873 12.
639 824 902 881 Περιεποῖρη)
933 826 1004 866 Sic
1034 826 1080 864 in
1102 826 1229 866 Gallo
1254 841 1286 869 c.
1308 831 1344 871 2.
1372 829 1406 868 εἰ
1434 823 1586 881 βύρσας
1615 824 1715 873 εἶδες

256 888 478 947 ἑρπούσας,
509 888 578 928 καὶ
602 887 710 938 βοῶν
733 883 827 938 κρέα
849 881 1084 936 μυκώμενα,
1111 881 1309 937 ἡμίοπτα,
1341 885 1407 924 καὶ
1430 884 1539 935 §qoem
1555 884 1623 925 καὶ
1640 900 1714 924 πε-

257 948 442 1003 παρμένα
462 950 544 993 τοῖς
567 939 731 997 ὀβελοῖς.
793 941 865 980 Sic
891 951 932 979 et
955 942 1089 979 Zeux.
1112 955 1146 978 c.
1170 946 1235 983 10.
1261 941 1339 978 bis.
1382 941 1547 980 SOLAN.

374 1004 474 1056 Pag.
500 1004 592 1045 187.
617 1002 645 1038 1,
668 1003 707 1041 9.
743 995 893 1047 Οὕτω)
920 996 1127 1050 Suspecta
1148 997 1255 1035 mihi
1274 1010 1383 1046 vox,
1416 1011 1499 1051 prq
1517 1010 1598 1050 qua
1622 999 1716 1050 lego

259 1064 346 1106 ἴτω.
405 1060 457 1099 In
481 1059 545 1097 Fl.
572 1064 635 1096 est
661 1054 789 1103 οὕτος.
822 1054 990 1093 SOLAN-
1049 1055 1137 1093 MS·
1165 1054 1269 1108 Reg.
1291 1057 1416 1098 2954.
1448 1053 1567 1101 οὗτος
1593 1054 1719 1094 δὲκαὶ

261 1115 396 1166 αὐτός.
434 1116 531 1155 Bn‘.
593 1113 652 1151 Et
673 1112 735 1150 sic
758 1110 1005 1150 Schmiedero
1026 1110 1187 1163 placuit
1205 1110 1310 1149 haec
1333 1109 1458 1150 verba
1473 1142 1483 1159 ‚
1515 1109 1719 1149 suadente

262 1175 425 1221 Belino,
457 1169 593 1210 edere.
652 1167 732 1208 Sed
753 1172 854 1223 γοῦν
873 1176 1016 1205 tuetur
1037 1166 1186 1206 Codex
1203 1167 1322 1206 Gorl.
1345 1181 1423 1206 nec
1446 1166 1648 1206 convenit
1669 1167 1720 1206 δέ.

262 1232 426 1271 Contra
456 1220 596 1275 οὗτος,
629 1223 745 1279 quod
775 1223 956 1262 duorum
981 1222 1118 1263 Codd.
1140 1223 1388 1262 testimonio
1412 1221 1721 1275 comprobatur,

264 1297 308 1327 et
328 1287 373 1325 in
394 1286 456 1323 Fl.
481 1296 652 1335 quoque
670 1281 842 1334 legitur,
876 1282 1011 1319 multo
1033 1288 1218 1333 praestat
1238 1282 1415 1333 vulgato
1436 1275 1552 1320 οὕτω.
1594 1278 1719 1332 Quod

264 1352 404 1382 autem
429 1339 578 1379 Solane
608 1338 745 1376 visum
772 1346 836 1374 est
862 1338 953 1385 ἴτω,
985 1335 1300 1390 languidiorem
1331 1335 1375 1374 id
1399 1334 1538 1375 reddit
1559 1349 1720 1374 omnem

266 1397 477 1438 orationis
518 1407 701 1434 cursum.
773 1392 866 1432 Nec
904 1393 1038 1446 magis
1071 1393 1111 1430 h.
1143 1395 1171 1431 l.
1204 1391 1497 1444 requirebatur
1537 1391 1720 1438 verbum,

267 1468 394 1509 quam
413 1465 538 1504 supra
566 1459 671 1489 extr.
694 1463 784 1501 cap.
809 1453 877 1491 49.
899 1449 944 1486 in
962 1448 1099 1487 verbis
1120 1448 1336 1488 Platonis:
1375 1445 1470 1489 'And
1497 1452 1570 1499 τῆς
1603 1446 1724 1497 αὐτῆς

263 1512 408 1565 πέτρας
428 1509 496 1550 καὶ
516 1500 632 1554 οὗτος
653 1506 768 1557 (intae
782 1503 966 1556 ἄφιέσθω
980 1506 1009 1556 ).
1049 1504 1242 1544 Brevitas
1264 1504 1431 1543 scilicet
1451 1503 1554 1544 haee
1574 1513 1637 1543 est
1657 1507 1725 1542 vel

264 1567 375 1615 irae,
410 1567 476 1604 vel
497 1561 767 1601 insolentiae.
801 1563 959 1600 Lnnm.

378 1621 477 1674 Pag.
504 1624 599 1663 188.
629 1621 658 1658 l·
681 1624 721 1662 2.
756 1615 1065 1672 “Τπερήμεροι)
1105 1620 1241 1672 Supra
1276 1619 1372 1671 μίαν
1399 1615 1553 1672 ἡμέραν
1580 1613 1727 1669 ταύτην

264 1674 609 1733 παραιτησάμενοι
625 1672 778 1728 ἥκομεν
800 1672 861 1717 ἐπ’
883 1673 1017 1717 αὐτόν.
1058 1677 1200 1715 Bnon.

378 1733 483 1774 Ead.
506 1735 536 1773 l,
558 1734 597 1776 5.
630 1733 823 1783 ΠΑΡΡ.)
854 1731 947 1771 Imo
969 1737 1060 1774 ΕΛ.
1117 1732 1237 1772 Huic
1257 1730 1369 1770 enim
1390 1730 1548 1783 optime
1567 1744 1726 1770 conve-

266 1792 360 1831 nire
381 1790 487 1829 haec
503 1788 632 1828 verba
659 1788 748 1827 visa
767 1798 892 1839 sunt,
925 1803 1030 1844 quae
1053 1790 1192 1827 minus
1214 1797 1311 1841 apte
1341 1789 1386 1826 in
1408 1788 1532 1841 impr,
1552 1787 1728 1826 Parrhe-

266 1847 408 1887 siadae
427 1845 691 1885 tribuuntur.
738 1846 904 1888 Somm,

382 1901 483 1943 Ead.
502 1904 531 1940 1-
549 1905 588 1943 9.
626 1899 780 1952 Οὐδὲν)
811 1906 901 1942 ΕΛ.
927 1899 1057 1944 οὐδέν.
1098 1901 1169 1940 Sic
1189 1903 1309 1955 1ego3
1342 1914 1478 1956 neque
1496 1900 1607 1941 enim
1627 1899 1730 1939 haec

266 1959 468 2001 Luciano
491 1958 776 2004 conveniunt,
807 1957 880 1996 sed
900 1958 1002 1998 huic
1025 1959 1198 2012 optime.
1238 1958 1405 1997 SOLAN.
1465 1958 1578 1997 Ante
1602 1953 1728 2006 ,οὐδὲν

266 2028 489 2072 personam
516 2019 608 2055 EA.
640 2014 791 2054 inserit
814 2014 1005 2065 Solanus,
1037 2029 1125 2054 non
1151 2017 1280 2060 male3
1313 2013 1386 2053 sed
1410 2015 1510 2068 quia
1537 2028 1589 2052 ex
1612 2015 1728 2051 nulla

267 2072 335 2113 ed.
355 2085 434 2111 nec
453 2071 542 2110 Ms.
565 2071 750 2124 profert,
783 2085 871 2110 non
903 2070 1117 2121 addimus,
1150 2069 1316 2110 etiamsi
1338 2071 1381 2107 in
1407 2072 1523 2110 notis
1543 2069 1602 2108 ita
1624 2069 1728 2108 citat

267 2128 378 2168 illud
409 2132 502 2169 ΕΛ.
533 2140 579 2166 ac
611 2127 647 2165 si
676 2142 721 2166 re
750 2142 849 2167 vera
877 2127 922 2166 in
952 2137 1071 2167 textu
1098 2127 1284 2180 positum
1313 2129 1536 2180 legeretur.
1565 2125 1727 2163 Rm‘rz.

266 2184 398 2225 Varie
417 2192 604 2224 tentatus
631 2198 654 2222 a
671 2183 786 2223 Viris
803 2184 961 2224 Doctis
987 2183 1283 2238 integerrimus
1309 2185 1441 2225 locus,
1501 2182 1619 2236 Quid
1641 2196 1726 2220 mo-

269 2239 325 2280 do
348 2239 521 2280 solanus
542 2239 752 2289 voluerit,
785 2254 873 2280 non
903 2241 1079 2280 omnino
1104 2240 1304 2291 conjicio.
1364 2239 1631 2278 Dormitasse
1653 2237 1727 2276 bo-

269 2307 368 2335 num
392 2296 531 2334 virum
555 2295 615 2334 ait
642 2296 884 2350 Seybolclus‚
920 2296 1034 2351 quod
1057 2296 1235 2349 primum
1259 2295 1408 2334 verba:
1428 2293 1569 2337 ’'Eotoct
1588 2298 1723 2345 ταῦτα,

268 2362 312 2393 et
331 2366 438 2406 quae
459 2360 713 2406 sequuntur,
737 2352 946 2402 Elencho‚
973 2367 1020 2392 ac
1045 2367 1188 2392 rursus
1214 2351 1347 2391 eidem
1375 2351 1499 2391 verba
1523 2348 1623 2390 inde
1648 2351 1720 2390 ab:

273 2406 402 2451 Οὐδὲν
423 2410 578 2458 διοίσει,
608 2407 742 2447 tribui
761 2408 953 2462 jusserit:
980 2408 1131 2463 quodsi
1155 2407 1267 2447 enim
1295 2408 1464 2461 utrique
1483 2411 1579 2446 loco
1603 2422 1721 2460 prae·

267 2474 455 2518 ponatur
484 2469 602 2510 ΕΛ..
635 2464 823 2520 colloqui
843 2480 970 2504 secu-m
994 2468 1120 2519 ipsum
1137 2463 1394 2513 Elenchum‚
1429 2463 1598 2517 colligit
1625 2463 1723 2518 Sey-

268 2520 419 2560 boldus.
476 2521 535 2560 At
562 2519 666 2561 haec
686 2535 773 2560 non
803 2521 949 2574 potuit
969 2522 1112 2561 Solani
1132 2520 1340 2560 sententia
1365 2534 1476 2566 essm
1510 2519 1582 2559 sed
1602 2529 1722 2558 utra-

267 2590 371 2630 que,
403 2589 528 2630 quam
547 2575 724 2615 Reiizius
742 2576 786 2615 in
816 2576 998 2616 medium
1019 2578 1222 2632 protulit,
1257 2575 1398 2615 Solam·
1416 2587 1515 2615 nota
1529 2609 1539 2626 ,
1571 2591 1593 2614 a
1613 2575 1721 2614 dor-

265 2633 466 2681 irritante,
501 2632 546 2671 ni
577 2633 722 2683 fallor,
753 2632 908 2673 Reitzio
936 2634 1047 2674 falso
1078 2634 1316 2683 intellecta,
1349 2632 1399 2671 ad
1422 2648 1554 2671 unum
1578 2635 1718 2672 locum

263 2687 399 2727 hunc:
432 2683 549 2729 οὐδὲν
570 2690 712 2730 διοίσει
729 2694 845 2731 τοῦτο
866 2698 947 2730 etc.
969 2689 1170 2742 pertinet.
1217 2688 1327 2728 Nam
1350 2688 1401 2729 de
1423 2688 1606 2728 Elenchi
1625 2703 1719 2727 mo·-

261 2745 423 2800 nologo
443 2742 622 2799 quodam
655 2757 707 2784 ne
723 2745 935 2786 somniare
967 2743 1138 2801 quidem
1158 2744 1380 2802 quisquam
1400 2744 1441 2786 h.
1461 2748 1487 2789 l.
1508 2744 1714 2800 potuerit.
