1781 3174
207 158 308 204 724
555 169 1309 204 ADNOTA'rloNES

207 263 511 322 ἐξαμαρτάνοιεν
527 268 620 322 περὶ
641 272 749 321 σφᾶς
767 263 931 319 αυτοῦς,
957 285 1024 310 και
1039 268 1129 321 περὶ
1146 267 1242 318 τούς
1259 265 1405 319 ἄλλους
1423 268 1670 323 ἀνθρώπους

209 334 289 363 etc.
349 323 437 362 Ubi
460 323 630 365 Clericus
647 333 790 377 putat,
821 325 1036 364 Socratem
1058 325 1175 365 abuti
1197 326 1431 365 locutionis
1452 329 1669 382 ambigui-

209 390 320 428 tate,
353 380 468 433 quod
500 377 729 434 εὖπράττειν
756 382 836 432 sit,
868 390 909 420 et
935 381 1024 420 bene
1050 399 1089 421 se
1108 398 1253 435 gerere,
1286 391 1329 421 et
1358 384 1537 423 secundis
1559 386 1669 424 rebus

208 439 279 477 uti.
339 436 467 476 Nihil
492 438 642 478 refert:
674 436 727 476 ad
755 414 945 477 actiones
981 448 1093 478 certe
1118 437 1314 490 extendi,
1345 454 1398 479 ex
1430 449 1523 480 toto
1546 456 1667 495 argu·

207 503 353 533 mento
376 502 505 545 patet.
564 494 692 535 Plura
721 492 874 535 addere
900 495 1103 548 temporis
1124 504 1166 535 et
1190 495 1278 535 loci
1300 496 1496 551 angustia
1521 497 1668 551 prohi-

207 548 533 591 bent.Rr;1Tz.

318 606 420 648 Ead.
437 609 464 645 l·
489 612 553 650 10.
593 604 674 660 Τὴν
695 605 926 664 τετρακτῦν)
957 608 1054 647 Ηιιο
1075 608 1276 661 pertinet,
1309 607 1424 662 quod
1444 619 1508 649 est
1527 610 1572 649 in
1595 625 1668 650 au-

204 676 278 702 reo
297 677 421 704 versu
440 663 734 734 Pythagorae:

427 721 514 761 Ναὶ
530 718 584 773 μὰ
605 718 674 763 τὸν
689 719 862 789 ’ἡμετέρᾳ
873 724 988 776 ψυχᾷ
1006 718 1236 775 παραδόντα
1255 719 1469 777 τετρακτύν

426 775 572 831 Παγὰν
595 775 639 818 ἆ
627 777 770 820 vvo'cov
806 776 978 831 φύσεως.

202 831 381 873 Bounn.
440 833 582 873 Sermo
605 833 653 872 fit
675 833 725 875 de
743 834 982 888 Pythagora
1015 835 1191 888 ejusque
1210 834 1519 886 sectatoribus,
1552 835 1666 889 apud

206 902 314 942 quos
332 887 375 930 τὸ
392 887 590 945 υγιαίνειν
607 890 652 928 in
683 889 1029 958 frequentissimo
1062 890 1194 929 fuerit
1216 905 1296 929 usu
1319 900 1361 930 et
1385 893 1504 946 quasi
1530 895 1662 931 cultu.

203 944 279 983 Ait
301 959 428 997 porro
448 946 609 995 Noster,
642 949 715 989 εἰσὶ
735 948 776 990 δὲ
797 952 836 990 οἳ
853 948 917 989 καὶ
942 964 1015 998 την
1034 963 1072 987 τ
1059 944 1269 1000 ετρακτήν,
1300 946 1371 989 τὸν
1395 948 1577 1015 μέγιστον
1600 946 1665 1003 όρ-

202 1018 274 1042 κον
296 999 444 1054 αυτῶν,
457 1000 484 1055 ἢ
500 1002 568 1045 τὸν
585 1006 724 1057 ἐντελῆ
739 1000 874 1052 αὐτοῖς
892 1001 1069 1055 ἄριθιιόν
1089 1002 1306 1045 αποτελεῖν.
1341 1006 1382 1046 οἴ
1398 1004 1516 1047 δὲκαὶ
1529 1002 1666 1060 ὑγείας

203 1055 330 1110 ἆρχην
362 1057 565 1101 ἐκάλεσαν.
639 1062 756 1101 Male
793 1060 1001 1100 dederunt
1033 1059 1104 1098 hic
1143 1060 1400 1112 posteriores
1436 1061 1663 1115 τετρακτήν,

204 1129 322 1164 cum,
354 1125 404 1153 ut
429 1129 573 1156 omnes
599 1127 684 1156 ant.
717 1117 837 1158 editt.
860 1115 996 1155 haben
984 1125 1041 1166 t,
1075 1115 1343 1156 scribendum
1366 1118 1421 1156 sit
1442 1118 1663 1173 τετρακτύν.

208 1171 424 1225 Τετρακτῦς
446 1187 596 1227 nempe
605 1173 934 1242 wappellabatur
938 1170 1073 1227 τετοάς
1094 1173 1390 1226 Pythagorica.
1450 1175 1502 1214 In
1525 1175 1665 1214 verbis

201 1228 478 1280 sequentibus
501 1245 578 1283 pro
596 1226 638 1299 ἢ
642 1228 709 1272 τὸν
730 1232 866 1284 ἐντελῆ
883 1226 1020 1278 αὐτοῖς
1039 1225 1215 1284 ἆοιθμόν
1233 1247 1350 1271 αποτ
1339 1236 1448 1281 λεῖν,
1462 1232 1666 1272 Brorlaeus

202 1282 318 1323 dicto
342 1287 438 1324 loco
459 1286 588 1340 legit,
619 1284 649 1340 ἢ
668 1288 861 1340 (scilicet
876 1284 1136 1339 τετρακτυς)
1133 1283 1203 1328 τὸν
1232 1287 1364 1339 ἐντελῆ
1385 1286 1518 1337 αὐτοῖς
1537 1287 1666 1342 αριθ-

200 1338 281 1391 μὸν
300 1339 490 1383 monast.
550 1344 616 1382 Ita
641 1358 739 1398 ergo
766 1342 1016 1383 vertendum
1037 1343 1144 1383 erit.
1178 1343 1278 1381 Sunt
1299 1355 1449 1394 autem,
1482 1347 1551 1398 qui
1567 1361 1665 1399 qua-

200 1407 255 1434 ier
258 1413 409 1436 monem
428 1410 618 1438 zocarunt
636 1402 858 1439 macr-imum
882 1415 1011 1438 eorum
1031 1399 1329 1452 jusjurandum,
1363 1417 1431 1454 qur
1424 1402 1663 1465 perficium

199 1452 307 1505 opud
333 1469 396 1492 cos
426 1471 623 1494 numerum
654 1455 856 1496 absolvat
895 1454 968 1494 alii
994 1470 1082 1493 vero
1126 1455 1305 1494 eundem
1336 1458 1661 1509 quaternionem

202 1507 403 1547 dixerunt
423 1514 607 1550 sanitatis
622 1514 873 1566 principium.
933 1512 991 1549 At
1013 1511 1048 1548 si
1070 1520 1182 1549 recte
1205 1510 1460 1563 consideres,
1493 1513 1663 1553 videtur

200 1565 316 1603 nulla
337 1579 418 1619 ope
441 1566 605 1605 medica
629 1582 758 1621 opus,
792 1583 887 1606 cum
908 1566 1127 1606 commode
1161 1565 1326 1605 dicatur
1346 1569 1570 1620 quaternio
1592 1572 1663 1608 vel

199 1621 426 1660 maximum
455 1623 822 1678 Pythagoreorum
854 1621 1150 1677 jusjurandum
1177 1637 1287 1673 esse,
1331 1627 1399 1662 vel
1426 1626 1660 1677 perfectum

198 1676 309 1729 apud
336 1678 504 1718 eosdem
536 1694 754 1719 numerum
779 1680 1010 1719 absolvere.
1070 1677 1267 1717 Ceterum
1292 1679 1406 1733 quod
1425 1681 1567 1720 Noster
1586 1681 1661 1728 ait,

200 1734 403 1784 quosdam
420 1733 496 1788 τὴν
515 1734 726 1791 τετρακτῦν
745 1739 976 1789 appellasse
995 1732 1131 1789 ὑγείας
1151 1733 1297 1787 αρχήν,
1330 1750 1379 1775 eo
1404 1737 1510 1776 facit
1531 1736 1662 1775 disti—-

200 1762 311 1828 clhon
343 1791 472 1842 illud,
506 1807 588 1847 quo
621 1793 769 1831 itidem
797 1791 1090 1846 jusjurandum
1120 1791 1515 1844 comprehenditur,
1548 1792 1661 1848 apud

200 1845 465 1887 Jambliclzum
490 1848 657 1888 devita
691 1848 818 1901 Pyth.
841 1863 880 1901 p.
906 1853 998 1892 147.

424 1902 481 1947 Οὐ
502 1924 556 1958 μα
582 1903 651 1947 τὸν
670 1923 742 1957 αμε
746 1907 833 1961 τέοη
855 1909 971 1961 γενεῇ
995 1900 1225 1958 παραδόντα
1243 1902 1467 1959 τετρακτῦν,

422 1961 566 2016 Halon)
589 1958 761 2004 ἆενναου
786 1960 987 2014 φύσεωςο
967 1960 1149 2013 ὅιζώματ]
1168 1962 1345 2014 ἔχουσαν.

200 2017 387 2056 Primum
409 2032 573 2057 versum
594 2019 722 2058 habet
743 2028 783 2057 et
802 2018 1064 2058 ΖΙί-Ῑαειοόἰαε’
1053 2033 1097 2055 m
1119 2018 1259 2058 Somn.
1275 2019 1386 2071 Scip
1411 2027 1452 2058 at
1471 2033 1548 2072 pro
1572 2015 1667 2072 ἆμε-

199 2090 237 2113 τε-
222 2091 289 2130 ιρῃ
311 2092 423 2132 γενεη
445 2074 550 2112 ibi
525 2077 690 2130 αμετέοᾳ
710 2080 845 2131 ψυχᾶ·
879 2078 1005 2128 plane
1027 2073 1092 2113 uti
1118 2074 1160 2111 in
1184 2075 1343 2125 aureis,
1378 2089 1486 2128 quae
1507 2075 1665 2115 dicun..

202 2136 269 2166 tur
286 2130 345 2184 P)
338 2118 440 2170 than
411 2147 554 2184 <gmae,
587 2117 858 2170 carminibus.
917 2131 1100 2168 Rursum
1130 2130 1250 2169 aliter
1271 2132 1463 2183 concipit
1486 2132 1666 2172 Jambli-

203 2186 296 2225 chus
325 2188 506 2227 eundem
534 2190 654 2227 illum
689 2202 852 2227 versum
878 2201 920 2240 p.
951 2192 1044 2231 138.
1072 2185 1145 2223 ubi
1177 2186 1261 2237 ait,
1305 2187 1523 2227 distichon
1553 2188 1664 2227 illud

203 2242 338 2282 fuisse
367 2243 663 2297 jusjurandum
695 2243 1083 2297 Pythagoreorum,
1115 2242 1250 2296 ipsius
1281 2243 1550 2298 Pythagorae
1575 2259 1664 2282 no-

204 2312 299 2336 men
324 2300 618 2352 retinentium,
651 2300 789 2341 veluti
812 2313 937 2353 parce
959 2302 1145 2339 solerent
1162 2299 1355 2339 Deorum
1372 2299 1544 2340 nomina
1564 2314 1664 2354 pro·

204 2353 313 2395 fari:

424 2414 510 2455 Ναὶ
528 2431 583 2466 μα
601 2411 671 2455 τὸν
695 2409 880 2466 αμετὲρας
905 2413 1051 2466 σοφίας
1080 2407 1250 2466 εὑρόντα
1270 2428 1495 2467 τετρακτυν,

426 2469 569 2523 Παγιέν
591 2468 767 2512 αεννάου
792 2479 870 2508 etc.

206 2523 329 2563 JENS.
389 2526 452 2564 Ea
485 2526 535 2565 (le
565 2542 608 2565 re
635 2530 716 2579 jam
747 2540 869 2578 sup1a
900 2526 942 2563 in
978 2525 1068 2563 Vit.
1105 2524 1229 2563 Auct.
1257 2538 1290 2562 c.
1322 2527 1362 2566 4.
1393 2522 1553 2564 dictum
1584 2535 1660 2566 est.

207 2579 552 2621 subaudiendum
574 2592 711 2621 autem
731 2581 802 2619 hic
824 2584 935 2634 φασί.
995 2580 1081 2622 Sed
1106 2580 1208 2619 haec
1230 2580 1371 2619 omnia
1394 2581 1659 2621 obscuriora:

208 2651 283 2675 nec
302 2638 411 2676 tanti
439 2649 494 2677 ta
486 2654 576 2678 nen
598 2648 720 2687 sunt,
753 2648 800 2676 ut
825 2652 1001 2691 operose
1025 2637 1076 2675 ad
1097 2652 1144 2677 ea
1174 2632 1443 2676 dilucidanda
1474 2638 1566 2690 quis
1586 2639 1661 2676 in-

206 2692 385 2732 cumbat
445 2694 771 2745 Laudare1n‚si
794 2695 952 2749 absque
972 2703 1037 2734 tot
1056 2692 1193 2734 doctis
1210 2691 1453 2747 ambagibus
1473 2694 1661 2734 valetudi-
