1781 3174
501 214 1168 249 1NCATAPLUM.
1469 210 1565 255 621

105 320 258 361 ἓαυτων
283 318 399 385 βίον.
448 314 567 354 Idem
585 313 670 363 XI,
695 317 734 356 9.
756 328 816 367 pr
861 313 986 354 Conf.
1012 314 1136 356 Periz.
1161 313 1213 354 ad
1241 316 1335 357 AeZ.
1357 318 1476 369 XIV,
1503 327 1567 364 10

108 376 184 430 qui
214 375 323 428 παρὰ
357 372 429 427 τὴν
456 373 692 443 στρατηγίαν
727 370 886 419 edidit,
921 371 1022 423 quia
1048 372 1274 423 usitatius,
1310 390 1403 412 cum
1430 353 1567 418 C’odd.

106 433 218 471 inter
243 430 354 483 παρὰ
385 440 426 470 et
454 431 547 482 mot
573 428 797 469 variarent.
859 404 1106 467 C’o1rf.1nox
1137 443 1170 467 c.
1193 435 1261 472 24.
1295 430 1424 484 hujus
1454 434 1571 475 Dial,

105 490 277 528 Luciam.
301 488 376 526 ubi
397 495 509 525 recte
531 498 673 522 rursus
704 482 814 537 παρὰ
832 484 901 525 τόν
930 486 1022 536 βίον
1045 495 1289 526 constanter
1312 497 1353 526 et
1373 499 1482 528 recte
1505 493 1572 529 le·-

105 546 236 599 gitur,
269 555 310 584 et
327 557 450 596 saepe
477 541 601 586 alibi;
635 555 814 594 cumque
834 540 895 577 ibi
918 540 967 579 de
989 541 1131 580 eadem
1152 557 1196 582 re
1217 558 1352 582 se1m0
1375 546 1446 596 sit,
1479 555 1573 584 tan-

106 612 151 641 to
174 603 313 640 minus
338 599 533 638 dubitavi
552 596 596 640 τὸ
618 599 708 651 περὶ
729 613 822 636 cum
847 597 997 636 Solcmo
1020 599 1400 650 ejicere,RE1Tz

218 692 315 744 Pag,
339 695 434 734 219.
466 692 540 730 1.
517 707 555 732 0.
590 683 687 730 ’And
715 692 794 729 τῶν
825 685 1068 744 στιγμάτων)
1109 690 1207 728 Hoc
1239 705 1291 730 ex
1325 692 1494 733 Platone
1525 693 1571 733 in

103 750 263 804 Gorgia
283 758 378 788 ante
399 746 688 785 disseruimus,
733 746 875 784 Bnon.

217 828 322 868 Eacl.
349 831 376 867 l.
401 833 440 871 S.
481 829 682 879 Στί)ιιατα
715 827 778 867 ἐπὶ
802 832 872 878 τῆς
895 828 1054 879 ψυχῆς)
1086 828 1247 866 Eorum
1281 829 1460 879 animis,
1496 830 1572 883 qui

104 887 268 940 magnis
300 899 343 924 se
373 883 659 931 facinoribus,
706 882 804 920 dum
834 884 964 920 vitam
994 894 1187 937 agerent,
1231 885 1570 937 obstrinxerunt,

105 946 290 981 maculas
311 942 474 979 inustas
497 954 585 979 esse
611 938 759 989 docet,
792 939 997 978 Platonem
1017 940 1185 992 ridens,
1220 943 1294 996 qui
1320 942 1380 980 sic
1399 943 1443 980 in
1467 944 1575 981 Gor-

106 1000 176 1054 gia
193 998 405 1065 loquitur:
434 995 547 1039 Ario}
567 996 758 1044 πολλάκις
775 1002 849 1037 τοῦ
866 996 1037 1050 μεγάλου
1057 1001 1251 1051 βασιλέως
1270 999 1575 1066 ἐπιλαβόμενος,

105 1055 136 1109 ἦ
159 1056 282 1098 ἄλλον
300 1052 473 1096 δποτοῦν
492 1057 681 1108 βασιλέως
701 1070 726 1105 η
750 1050 950 1096 δυναστου
973 1058 1150 1097 κατεῖδεν
1170 1055 1289 1098 οὐδὲν
1311 1053 1397 1126 ’ὖγιὲ
1383 1074 1420 1104 ς
1435 1055 1481 1097 δν
1502 1074 1577 1107 της

107 1118 269 1166 ψυχῆς,
303 1110 399 1154 ἄλλα
435 1111 724 1173 διαμαστιγωῦμέ
709 1128 822 1198 comp)
822 1128 887 1151 και
914 1108 1047 1152 ουλων
1074 1111 1220 1163 μεστὴν
1248 1111 1329 1154 υπὸ
1360 1115 1575 1169 ε’τιορκιῶν

107 1172 175 1213 καὶ
205 1168 375 1216 αδικίας.
438 1170 533 1208 Hoc
558 1167 703 1220 attigit
725 1169 775 1205 L.
799 1173 836 1210 2.
861 1168 902 1204 in
925 1168 1027 1221 Rus.
1057 1168 1267 1209 Claudiam

331 1226 438 1276 Ouid
458 1225 609 1262 climens
638 1226 767 1277 matris
758 1224 850 1262 esta
870 1241 1007 1277 tregias
1002 1224 1022 1253 Ρ
1049 1225 1110 1264 Εη
1133 1238 1267 1280 pectus
1283 1229 1436 1265 inustae

325 1283 565 1338 ΠςΪὸΠηαηί.
596 1280 784 1322 maculae,

107 1341 254 1380 COGN.
313 1341 443 1379 Plura
472 1337 629 1375 similia
662 1351 713 1374 ex
749 1338 958 1390 'l'l'zeoplzyb
982 1338 1171 1378 Philostr.
1193 1349 1236 1378 et
1262 1338 1478 1380 Plutarcho
1500 1339 1579 1378 ad-

107 1399 192 1436 fert
220 1396 371 1435 Elem-r.
405 1394 456 1432 ad
489 1395 523 1433 Ι.
545 1393 735 1434 Timoth.
761 1394 837 1439 IV,
859 1401 897 1436 2.
922 1409 960 1446 p.
987 1400 1083 1438 298.
1147 1395 1251 1442 Cui,
1286 1407 1493 1449 quantum
1525 1395 1578 1435 ad

107 1457 299 1506 exempla
320 1452 595 1504 profanorum
629 1458 872 1500 auctorum,
907 1451 1035 1490 facile
1070 1452 1306 1491 adsentior:
1340 1468 1441 1491 uum
1473 1467 1577 1492 vero

107 1510 234 1550 verba
259 1508 458 1560 Apostoli
487 1508 886 1560 κεκαυτηριασμένων
907 1507 981 1560 τήν
1006 1511 1111 1550 ἰδίαν
1141 1512 1396 1562 συνείδησιν,
1431 1509 1581 1548 eodem

107 1566 236 1606 modo
278 1563 558 1618 intelligenda
593 1564 699 1612 sint,
745 1563 859 1615 quod
895 1569 1049 1603 multas
1082 1575 1353 1617 peccatorum
1387 1577 1500 1605 notas
1532 1580 1579 1604 ac

107 1625 178 1677 stigD
172 1633 293 1662 mata
310 1622 355 1660 in
379 1620 642 1659 couscientia
664 1629 836 1672 gerant,
868 1622 1058 1659 nondum
1081 1622 1181 1660 inde,
1206 1632 1398 1660 constare
1421 1633 1579 1674 putem.

105 1681 264 1720 Verum
287 1692 380 1716 cum
403 1677 562 1729 duplex
587 1676 872 1715 cauteriorum
894 1692 994 1715 usus
1016 1679 1086 1728 sit,
1121 1692 1269 1730 nempe
1293 1678 1343 1716 ad
1369 1678 1582 1717 characte-

107 1752 195 1775 rem
216 1735 306 1773 sive
327 1743 472 1771 notam
496 1731 840 1783 imprimendam,
873 1733 984 1773 etad
1014 1749 1180 1772 sensum
1201 1734 1471 1772 dolorificum
1496 1737 1582 1773 tol-

110 1791 307 1838 lendum,
342 1798 389 1826 ut
408 1788 574 1828 Medici
596 1798 775 1838 norunt,
808 1804 953 1828 sensus
976 1790 1146 1830 videtur
1166 1789 1400 1840 efficacior,
1432 1791 1467 1829 si
1493 1805 1582 1830 ver-

110 1849 162 1886 ba
183 1848 239 1886 N.
261 1849 309 1885 T.
335 1861 385 1884 ex
409 1845 644 1898 posteriore
676 1845 753 1883 illo
778 1846 1023 1898 significatu
1053 1848 1324 1900 exposueri53
1357 1861 1442 1885 non
1468 1847 1582 1887 enirn

113 1918 276 1957 semper
302 1917 354 1942 ex
387 1901 633 1940 auctoribus
665 1902 857 1954 profanis
890 1904 1096 1942 illustrari
1126 1914 1308 1956 possunt
1341 1905 1380 1943 S.
1414 1905 1578 1943 literae.

111 1961 308 2001 Maxime
338 1973 434 1997 curn
462 1968 503 1997 et
543 1972 678 1997 nexus
715 1959 947 2011 epistolae,
992 1971 1033 1998 et
1066 1964 1158 1999 loca
1192 1963 1390 2012 parallela
1425 1960 1581 1999 biblica

115 2016 345 2064 suadeant,
381 2015 431 2054 de
453 2014 759 2064 obduratione,
792 2026 832 2054 et
853 2016 972 2068 quasi
999 2018 1093 2063 calli
1120 2017 1384 2055 obductione
1403 2016 1582 2070 quadam

114 2087 351 2113 sermonem
383 2086 486 2111 esse.
548 2070 628 2110 Sed
652 2072 987 2123 sapientioribus
1018 2073 1168 2112 lubens
1194 2073 1395 2114 concedo,
1458 2073 1583 2113 Sita-

114 2145 210 2169 men
232 2139 355 2167 acute
374 2130 589 2180 ἑλληνίζειν
609 2130 828 2173 volumus,
863 2132 1002 2183 στίΙνμα
1024 2139 1087 2168 est
1111 2139 1274 2168 tantum
1297 2130 1419 2182 quasi
1442 2144 1583 2182 punc-

115 2196 207 2225 tum
238 2185 452 2234 inustum,
496 2184 690 2236 adeoque
721 2184 880 2234 levius,
923 2201 1048 2239 quam
1076 2191 1209 2238 καῦμα
1240 2196 1282 2224 et
1312 2184 1581 2265 καυτηριαζω,

118 2241 237 2294 quod
266 2251 402 2280 toturn
431 2244 571 2279 locum
611 2240 808 2279 cicatrice
839 2256 868 2279 s.
906 2242 1076 2281 eschara
1108 2242 1320 2281 obducere
1351 2243 1479 2296 signi
1471 2242 1582 2282 sicat.

113 2299 276 2338 ΡιῑιΤΖ.
336 2297 614 2338 Verissimam
644 2306 686 2334 et
716 2298 1005 2349 gravissimam
1039 2299 1147 2337 hanc
1171 2298 1221 2337 de
1241 2299 1356 2337 notis
1378 2299 1584 2338 vitiorum

115 2357 408 2407 scelerumque
438 2354 590 2392 animis
616 2352 871 2392 hominum
859 2356 1073 2407 impressis
1095 2355 1307 2394 fictionem
1333 2366 1582 2409 agnoscent,

119 2411 365 2462 quicunque
402 2421 592 2448 naturam
631 2410 856 2448 humanam
897 2421 1009 2450 iecte
1048 2413 1207 2450 norint.
1275 2387 1426 2462 Neqbue
1455 2386 1584 2451 iideni

121 2466 289 2519 Cognati
308 2466 472 2520 judicio
491 2465 770 2515 subscribent,
805 2468 880 2519 qui
905 2469 1158 2532 persuaserit
1179 2469 1286 2514 sibi,
1318 2468 1548 2507 Platonem
1537 2484 1584 2506 in

119 2522 187 2560 his
211 2537 232 2560 a
253 2524 399 2563 N·osiro
420 2524 663 2576 perstringi,
696 2523 872 2575 perinde
897 2539 943 2562 ac
964 2524 1000 2561 si
1024 2526 1155 2575 ipsam
1179 2525 1430 2577 sapientiam
1452 2536 1493 2564 et
1513 2539 1583 2565 ve-

117 2578 287 2618 ritatem
308 2580 437 2632 ipsam
460 2580 663 2619 Lamnus
682 2580 965 2633 perstringere
984 2581 1066 2618 sibi
1089 2581 1371 2634 proposuerit.
1432 2583 1523 2620 Irno
1546 2581 1584 2619 si

121 2635 225 2688 quid
249 2634 288 2676 h.
313 2639 341 2675 l.
363 2636 562 2675 Platonici
580 2636 663 2674 loci
690 2650 847 2675 memor
868 2639 952 2674 suit
967 2669 977 2687 ,
1012 2652 1113 2674 usus
1134 2649 1195 2674 est
1214 2637 1380 2692 egregia
1401 2637 1472 2676 illa
1492 2653 1584 2677 sen-

120 2691 277 2740 tentia,
311 2706 433 2745 quam
460 2702 500 2730 et
524 2692 574 2730 ab
595 2693 690 2730 aliis
719 2694 997 2745 scriptoribus
1019 2694 1233 2733 veteribus
1254 2695 1369 2733 varie
1387 2694 1582 2748 proposi-

119 2765 202 2794 tam
223 2769 311 2795 esse
334 2763 518 2804 constat,
550 2763 597 2794 ut
621 2754 679 2792 ita
700 2756 922 2794 sceleratos
945 2752 1187 2807 aequalium
1213 2765 1385 2791 suorum
1409 2762 1581 2799 terrore,
