1781 3174
199 243 301 290 494
549 249 1309 285 ADNo‘rATIONEs

423 354 581 405 Κοῦροι
603 349 674 401 μὲν
697 353 900 403 κρητῆρας
925 350 1188 404 ἐπεστέψαντο
1206 357 1371 396 ποτοῖο·

202 425 288 466 quo
309 409 545 449 illustratur
572 408 684 460 Virg.
710 411 748 449 2.
771 406 824 445 G.
850 410 948 450 528.

857 487 915 493 ——
944 474 979 501 et
997 466 1098 503 socii
1113 476 1264 504 cratera
1281 477 1495 507 coronant:

201 538 324 578 quem
349 521 424 561 alii
449 519 500 559 de
523 518 751 558 crateribus
772 532 928 558 corona
957 520 1161 559 foliorum
1192 522 1489 572 circumdatis,
1519 521 1663 560 minus

199 591 320 633 apte,
353 580 675 617 intellexerunt
736 575 806 614 Sic
827 576 974 616 Athen.
997 577 1032 615 I.
1055 592 1145 630 cap.
1173 584 1238 621 11.
1294 575 1603 647 'Emors'spovw‘t
1627 579 1666 619 ὁὲ

196 643 338 679 ποτοῖο
366 637 408 676 οἷ
424 637 636 687 κρατῆοες,
665 631 756 685 ἤτοι
776 629 1013 685 ὑπερχειλεῖς
1036 636 1078 675 οἱ
1092 639 1285 687 κρατῆρες
1304 640 1537 686 ποιοῦνται,
1570 634 1664 683 ὧςτε

198 693 264 735 διὰ
284 698 357 734 τοῦ
375 693 536 738 ποθοῦ,
570 692 670 742 (leg.
692 693 823 730 ποτοῦ
852 704 944 727 cum
969 693 1063 730 clar.
1088 691 1131 730 S.
1162 690 1300 731 Clario
1327 692 1377 730 ad
1400 692 1524 732 Hom.
1552 695 1581 732 l.
1604 692 1663 740 c.)

199 749 313 790 nuod
334 748 379 786 in
403 746 585 785 transitu
606 745 815 784 monitum
834 745 889 784 sit
903 778 915 798 ‚
945 746 1050 786 licet
1067 746 1116 785 ad
1139 748 1313 788 Lucian,
1337 763 1425 787 non
1446 748 1551 788 adeo
1571 761 1663 802 pet·

194 793 343 846 sineat.
375 804 540 843 Emi-z.

307 916 411 958 Ead.
431 919 461 956 1.
484 920 521 959 4.
550 912 818 971 Ημίφωνον)
850 915 947 954 Vox
967 914 1072 954 mihi
1097 926 1308 969 suspecta.
1336 917 1509 958 SOLAN.
1543 913 1662 970 Quid

194 975 231 1014 si
267 974 402 1028 igitur
434 970 651 1024 εὔφωνον,
685 972 913 1024 velpotius
943 969 1186 1025 ἠδυφωνονς
1217 974 1382 1014 Rm‘rz.
1445 974 1571 1041 Quia
1586 987 1664 1010 su-

193 1042 334 1084 specta
356 1044 441 1068 vox
468 1029 746 1084 ημίφωνον,ῐ
731 1028 944 1068 tentabam
966 1026 1216 1082 ηδύφωνον·
1244 1033 1326 1083 jam
1348 1031 1475 1070 velim
1498 1027 1661 1082 ὁμόφω-

191 1097 344 1133 v0v‚ut
365 1088 475 1127 Gall.
497 1101 530 1129 c.
544 1092 583 1130 2.
619 1084 736 1139 quod
757 1084 918 1137 optime
937 1086 1166 1138 respondet
1185 1087 1414 1139 praemisso
1434 1085 1660 1138 εὐφημοῦν.

192 1146 265 1185 Sic
285 1141 519 1196 ὁμοφωνία,
553 1142 603 1182 de
626 1144 726 1182 Salt.
750 1156 784 1181 c.
807 1146 872 1185 68.
898 1141 929 1179 f.
964 1142 1022 1180 ita
1056 1151 1098 1181 et
1126 1142 1196 1181 hic
1218 1146 1299 1195 jam
1331 1158 1564 1197 congruum
1587 1140 1660 1179 di-

192 1211 304 1240 ceret
327 1209 579 1238 concentum
599 1198 898 1238 lamentationi
920 1197 1132 1240 victimae.
1193 1198 1398 1238 Nondum
1416 1210 1556 1238 tamen
1579 1198 1662 1235 mi·-

189 1257 238 1296 hi
263 1255 497 1320 applaudo,
533 1257 632 1309 quia
658 1264 802 1308 posset
827 1254 984 1308 regeri,
1016 1251 1236 1320 ἡμίφωνον
1260 1257 1409 1294 melius
1428 1255 1659 1294 conveniie

189 1314 352 1352 bestiae
372 1312 600 1361 morienti,
634 1322 676 1351 et
701 1309 744 1352 τὸ
766 1313 968 1352 ἐπαυλοῦν
993 1325 1080 1350 esse
1098 1312 1238 1364 ipsum
1269 1313 1452 1360 animal,
1485 1326 1571 1349 non
1599 1313 1659 1349 n·-

191 1371 276 1409 bias
298 1372 483 1424 inflatas,
514 1368 616 1406 licet
637 1367 687 1406 ad
710 1367 784 1405 has
808 1367 937 1405 tacite
965 1378 1243 1420 comparetur.
1303 1369 1535 1407 Doctiores
1569 1367 1658 1419 igi-

189 1438 258 1464 tur
282 1425 481 1464 viderint.
513 1424 637 1462 IDEM
659 1427 701 1462 in
721 1422 945 1462 Aclclendiffs
990 1424 1041 1461 In
1065 1438 1244 1462 errorem
1265 1423 1439 1462 seduxit
1459 1423 1657 1462 Reitzz'um

188 1483 380 1534 suspicio
407 1480 561 1522 Solani
621 1481 767 1518 Locus
789 1488 851 1518 est
877 1491 918 1517 et
939 1480 1211 1525 sanissimus,
1244 1490 1294 1518 ut
1314 1479 1514 1519 medelam
1540 1478 1655 1516 desi-

189 1538 305 1578 deret
326 1540 506 1586 nullam,
539 1546 580 1575 et
599 1537 700 1575 satis
720 1550 891 1589 quoque
914 1537 1187 1603 perspicuus;
1221 1535 1348 1574 modo
1367 1547 1524 1585 teneas,
1536 1536 1655 1576 ἐπαυ-

185 1599 285 1636 λοῦν
308 1608 395 1632 non
414 1594 578 1642 minus,
614 1608 737 1646 quam
761 1591 1001 1663 μυκώμενον
1023 1602 1065 1631 et
1085 1588 1320 1646 εὐφημοῦν,
1356 1592 1406 1631 ad
1428 1592 1653 1645 Objectum

183 1650 400 1705 pe1tinere
421 1648 466 1691 τὸ
491 1653 612 1699 ζῶον,
643 1659 684 1687 et
702 1651 886 1690 ἐπαυλεῖν
906 1646 1123 1701 ’ἡμίφωνον
1143 1649 1195 1687 ad
1218 1663 1405 1687 normam
1430 1649 1654 1687 Gramma-

183 1708 313 1746 ticam
337 1705 485 1745 eodem
508 1706 636 1744 modo
658 1705 770 1755 dici,
804 1720 887 1759 quo
909 1710 1117 1755 μυκᾶσθαι
1145 1703 1300 1758 γοεοὸν
1359 1706 1451 1746 Jam
1484 1713 1653 1742 constat

182 1763 312 1803 verba
338 1777 431 1800 cum
452 1764 515 1804 ἐπὶ
545 1762 801 1814 composita,
835 1771 877 1800 et
895 1761 1062 1799 Dativo
1091 1763 1259 1813 juncta,
1291 1760 1327 1798 si
1353 1775 1504 1799 sonum
1536 1773 1652 1813 qua-

158 1823 438 1885 ·1emcunque
471 1817 740 1873 significant,
775 1817 1000 1867 denotare,
1031 1833 1147 1856 sonos
1172 1833 1263 1856 snos
1289 1828 1496 1856 concentus
1525 1819 1652 1855 instar

181 1878 442 1916 intermiscere
460 1875 539 1921 iis,
570 1889 676 1929 quae
703 1874 892 1912 Dativus
919 1874 1103 1924 ind1cat7
1139 1874 1453 1926 qualiacunque
1484 1872 1651 1911 demum

181 1934 283 1973 sint.
345 1932 416 1970 Sic
438 1931 600 1974 ἐπάδειν
621 1930 781 1969 dicitur
811 1930 1291 1978 Dia11.Mortt.II,2.
1333 1929 1395 1968 sic
1425 1932 1652 1984 ἐπιβομβεῖν

181 1999 223 2029 et
245 1991 474 2031 ἕπικτυπεῖν
491 1988 626 2026 Diall.
647 1988 778 2028 Deor,
804 1987 916 2037 XII,
942 1992 978 2029 1.
1012 1986 1116 2036 (ubi
1142 1996 1281 2025 tamen
1308 1985 1450 2025 addita
1481 1991 1538 2041 τῷ
1555 2002 1652 2036 τυμ-

180 2044 296 2102 πάνῳ
320 2055 362 2085 et
388 2051 443 2085 τῶ
469 2041 660 2099 κυμβᾶλω
695 2042 887 2081 Ablativi
917 2053 1016 2081 sunt
1052 2043 1421 2093 instiumentales‚
1460 2057 1547 2081 non
1576 2041 1648 2091 hi,

179 2118 285 2156 quos
333 2088 460 2141 modo
501 2100 714 2149 dicebam,
774 2100 941 2137 Dativi.
960 2100 974 2153 )
1025 2100 1086 2138 sic
1129 2096 1374 2152 ἐπικράζειν,
1424 2100 1650 2153 ἐπικροτεῖν

179 2159 337 2212 (Char.
361 2172 395 2197 c.
420 2157 490 2212 8.)
522 2154 809 2206 ἒπιστενάζειν,
843 2155 1119 2209 ἕπιδακούειν,
1152 2158 1354 2211 ἐπιγελᾶν,
1389 2165 1430 2193 et
1452 2158 1541 2208 ejus
1566 2168 1647 2208 ge—

177 2217 290 2254 neris
313 2215 408 2254 alia.
468 2216 597 2254 Nunc
620 2211 839 2267 ’ἡμίφωνον
865 2212 1023 2250 dicitur
1049 2212 1189 2250 hostia
1214 2214 1403 2254 ἐπαυλεῖν
1425 2229 1471 2267 τη
1492 2214 1643 2265 θυσίᾳ,

178 2273 207 2312 i.
229 2287 262 2311 e.
288 2272 499 2311 dimidiata
520 2287 614 2310 voce
633 2270 849 2321 (leniori
840 2284 919 2321 Jam
952 2284 999 2307 ac
1022 2269 1210 2307 tenuiori
1233 2267 1449 2320 paullatim
1466 2298 1477 2317 ‚
1512 2281 1643 2319 quum

178 2338 301 2367 antea
321 2329 471 2381 majori
494 2327 743 2381 mugiisset)
767 2325 885 2364 tibiae
904 2327 1028 2363 instar
1044 2327 1219 2363 acc-inere
1242 2327 1296 2363 rei
1311 2339 1467 2373 Samae,
1504 2322 1640 2362 donec

179 2385 354 2423 omnino
376 2399 461 2422 vox
482 2385 618 2423 omnis
647 2397 739 2421 cum
761 2382 898 2419 anima
921 2382 1045 2419 simul
1074 2380 1254 2421 deficiat
1317 2379 1409 2433 Qua
1440 2380 1642 2417 immola-

177 2441 310 2479 tionis
331 2440 619 2493 descriptione
642 2437 741 2493 quid
760 2437 973 2484 vividius,
1008 2436 1163 2492 quidve
1191 2437 1315 2474 simul
1345 2436 1516 2485 salsius,
1551 2449 1640 2477 esse

176 2497 333 2549 possit,
365 2496 438 2534 ubi
463 2495 582 2535 addit
602 2494 741 2534 statim
764 2505 933 2542 auctor,
968 2493 1033 2532 his
1058 2493 1291 2546 vagitibus,
1323 2502 1363 2530 et
1390 2492 1474 2530 illis
1501 2494 1639 2546 mugi-

176 2553 315 2599 tibus,
346 2555 426 2604 jam
451 2567 536 2590 non
558 2566 680 2605 posse
702 2565 787 2589 non
814 2564 936 2603 quam
961 2551 1139 2588 maxime
1160 2548 1359 2586 delectari
1380 2549 1553 2586 numina
1575 2549 1637 2587 di-

176 2611 288 2649 vina
354 2609 512 2646 Corma
540 2623 645 2661 quae
675 2607 787 2646 Reit-
786 2609 830 2645 io
855 2610 1124 2671 placuerunt,
1158 2604 1268 2667 εὕφω
1256 2622 1366 2654 νον,
1397 2602 1634 2657 ηούφωνον,

177 2676 219 2705 et
242 2682 409 2717 ΟμΟφωΉ
415 2682 461 2703 (lv
481 2678 651 2716 qnoque
676 2677 994 2715 lPSU1n7qUssm
1020 2664 1161 2714 Jejssilss
1199 2671 1303 2708 1517,
1345 2676 1466 2713 quam
1499 2662 1633 2700 aliena

177 2722 228 2760 ab
251 2722 365 2760 omni
386 2721 468 2757 loci
495 2719 660 2759 indole!
696 2719 883 2757 Omnino
908 2718 987 2756 hoc
1017 2718 1139 2754 eriam
1173 2693 1386 2756 Usi-laudii
1419 2728 1482 2756 est
1513 2717 1632 2770 judi-

177 2779 313 2823 cium,
366 2786 406 2815 et
449 2778 583 2813 multo
624 2785 720 2813 ante
750 2789 843 2813 eum
879 2774 941 2813 Jo
975 2772 1078 2812 Ρῆῑᾛῖ
1110 2772 1180 2826 Pf}
1178 2774 1292 2827 [glori
1321 2774 1363 2810 in
1398 2774 1629 2825 Antiquitt.
