1781 3174
257 168 357 216 468
616 174 1370 211 ADNOTA'rlonns

260 277 404 320 video.
463 273 638 330 Quippe
670 286 758 312 non
789 271 1006 311 intellexit
1031 272 1224 323 Solonas,
1258 272 1338 313 hac
1357 274 1501 328 eopia,
1533 273 1615 315 hae
1644 291 1716 317 va-

263 338 430 385 rietate,
461 332 541 371 hac
561 327 878 383 magnificentia
899 340 1267 369 monumentorum
1288 331 1584 384 sepulcralium
1609 347 1712 371 corn?

261 387 533 432 memoranda
563 385 831 425 Mercurium
858 384 1047 424 Charoni
1073 386 1288 424 materiam
1320 386 1489 426 ridendi
1523 388 1721 440 praebere

242 441 386 488 *velle
431 442 620 484 Nomina
639 439 807 495 quidem
829 441 950 490 scire,
972 454 1059 479 non
1078 451 1243 493 poterat
1268 441 1478 480 Charonis
1505 442 1720 483 interesse.

262 504 421 545 'Verum
456 500 554 538 dum
575 497 817 536 Mercurius
848 496 964 535 varia
989 497 1070 534 ista
1098 501 1385 550 sepulcrorum
1416 512 1567 552 genera
1587 501 1627 538 ei
1651 515 1724 539 re·-

265 558 485 605 censebat,
517 563 559 594 et
587 552 698 592 forte
722 552 848 592 etiarn
882 551 1028 607 digitis
1059 554 1341 604 monstrabat,
1375 553 1524 593 docuit
1545 570 1636 593 eum
1661 557 1722 594 si-

263 618 354 655 mul
390 610 590 651 brevibus
628 608 748 648 hisce
786 607 926 647 verbis
965 609 1186 647 mirificam
1223 610 1533 663 ridiculamque
1567 626 1723 663 euram,

265 686 391 726 quam
413 669 457 706 in
479 665 657 705 mortuis
671 663 861 703 colendis
882 679 1037 718 ponere
1061 668 1245 705 solerent
1261 668 1470 705 mortales.
1501 667 1572 705 De
1593 676 1723 706 struc-

263 737 360 766 tura
390 722 601 764 Charonis
642 721 867 760 verborum
905 735 1076 773 prorsus
1118 722 1234 760 facio
1283 737 1377 760 cum
1415 721 1723 762 Hemsze›·hu.,s-i0.

262 782 418 836 Neque
446 778 678 821 θεάσασθαι
708 776 920 827 abundat,
951 776 1065 832 quod
1093 779 1239 819 εἰδέναι
1258 777 1328 826 τὰς
1352 774 1570 830 ἀποθήκας
1585 780 1725 818 minus

262 835 418 893 propie
450 835 638 883 dicatur,
671 842 713 872 et
747 832 957 886 objectum
994 833 1054 871 sic
1085 830 1211 872 etiam
1245 834 1371 872 nimis
1391 838 1518 889 longe
1541 849 1563 873 a
1594 835 1726 874 verbo

263 908 344 934 suo
369 907 445 947 per
475 891 575 930 satis
608 892 786 941 amplam
814 889 1087 942 parenthesin
1124 892 1361 943 sejunctum
1396 891 1551 938 fuerit3
1586 905 1726 945 neque

260 950 391 991 etiam
415 949 558 991 εἰδέναι
587 944 845 999 superfluum
868 944 1007 984 videri
1035 954 1198 998 potest,
1229 946 1431 999 quoniam
1463 957 1562 985 ante
1595 947 1728 986 adne-

261 1021 360 1045 xam
400 1002 674 1059 parenthesin
713 1000 1008 1054 requirebatur
1046 1000 1297 1042 Infinitivus
1329 1001 1380 1040 ad
1415 1001 1728 1055 plenitudinem

261 1059 592 1103 enuntiationis.
653 1056 821 1111 Quodsi
843 1066 906 1096 est
926 1057 1203 1103 abundantia,
1235 1067 1298 1096 est
1319 1061 1463 1097 saltem
1483 1059 1664 1111 simplex
1685 1069 1728 1099 et

261 1115 562 1172 perspicuitati
594 1113 803 1153 orationis
835 1113 1082 1155 inserviens.
1140 1113 1268 1152 Verte
1289 1115 1375 1153 sic:
1410 1114 1577 1164 „Unum
1597 1114 1728 1154 adhuc

262 1173 533 1214 desiderabam
559 1172 678 1219 scire,
710 1169 891 1210 Mercuri
917 1193 975 1200 ——·
1003 1181 1038 1208 et
1067 1170 1141 1209 hoc
1163 1169 1261 1208 mihi
1282 1181 1520 1220 monstrato,
1547 1170 1729 1226 perfece—

261 1233 318 1269 ris
338 1229 493 1268 tandem
513 1228 610 1268 mihi
626 1225 937 1265 enarr-undarum
957 1238 1082 1265 rerum
1097 1226 1357 1265 humanarum
1379 1228 1555 1282 officium
1575 1249 1632 1258 -——
1651 1230 1726 1266 sci-

262 1286 354 1329 licet
375 1284 599 1326 conditoria
624 1297 851 1335 corporum,
883 1284 924 1320 in
946 1283 1085 1336 quibus
1104 1298 1150 1321 ea
1174 1281 1403 1337 defodiam,
1432 1294 1617 1336 spectare.
1646 1283 1726 1322 Ja—

261 1342 492 1381 cobsianum
514 1339 661 1396 itaque
691 1340 728 1380 εἰ
759 1340 871 1379 δοκεῖ
889 1352 966 1390 pro
997 1340 1141 1381 εἰδέναι
1170 1337 1340 1377 admitti
1366 1352 1457 1377 non
1488 1339 1618 1378 facile
1637 1353 1726 1392 po·-

260 1398 359 1438 tuit.
403 1397 564 1437 Luam.

376 1463 477 1517 Pag.
495 1467 565 1509 68.
584 1464 665 1505 1.1.
691 1457 838 1516 ’HQ‘Zoe)
868 1458 1014 1515 Friget
1031 1458 1136 1500 haec
1157 1473 1310 1500 vocum
1331 1461 1569 1500 enarratio.-
1601 1464 1724 1516 quasi

260 1530 362 1560 vero
388 1520 563 1559 Charon
595 1517 646 1557 de
665 1517 954 1558 monumentis
983 1516 1096 1569 apud
1124 1517 1285 1556 inferos
1309 1517 1420 1555 nihil
1440 1531 1627 1570 unquam
1647 1520 1724 1558 in—

260 1576 489 1615 audiisset:
521 1583 563 1615 et
582 1574 704 1626 quasi
729 1587 888 1612 naevus
908 1583 969 1612 est
988 1574 1031 1610 in
1056 1582 1140 1611 tam
1162 1582 1343 1612 venusto
1366 1577 1588 1625 opusculo.
1630 1575 1724 1614 Sai-

259 1631 335 1671 das
349 1642 391 1672 et
412 1631 713 1683 Harpocration
735 1629 911 1676 docent,
938 1627 1035 1681 ἠρία
1058 1643 1146 1668 esse
1165 1631 1356 1682 sepulcra
1376 1629 1555 1667 humilia
1569 1661 1580 1679 ‚
1614 1640 1657 1670 et
1675 1632 1720 1669 in

257 1691 389 1740 plano
413 1688 510 1727 sita.
569 1686 703 1724 Extra
724 1685 847 1724 urbes
873 1684 1158 1737 sepeliebant,
1193 1683 1308 1738 quod
1329 1685 1509 1724 Athenis
1532 1689 1624 1740 lege
1646 1688 1722 1725 So-

255 1744 371 1782 lonis
393 1752 564 1782 cautum
584 1751 686 1779 erat.
748 1741 911 1779 Confer
932 1755 1025 1778 cum
1045 1740 1126 1790 his,
1161 1754 1268 1794 quae
1289 1740 1422 1779 Cone.
1447 1742 1581 1780 Deor.
1601 1757 1634 1783 c,
1653 1739 1719 1786 15‘.

256 1798 482 1839 habentur.
516 1798 683 1837 Sonm.
743 1796 970 1837 Lucianitm
999 1805 1149 1836 testem
1180 1797 1316 1835 citant
1347 1795 1519 1835 Heralcz.
1553 1797 1596 1835 in
1621 1799 1720 1838 Sal.

256 1872 353 1895 mas,
385 1854 488 1895 Obs.
521 1853 573 1892 ad
609 1852 649 1895 J.
672 1853 723 1892 A.
754 1863 795 1891 et
815 1853 866 1890 R.
885 1853 941 1890 11.
966 1867 1000 1890 c.
1027 1858 1064 1895 1.
1086 1857 1124 1902 0.
1149 1856 1215 1897 15.
1249 1861 1290 1890 et
1321 1851 1477 1902 Reines.
1510 1851 1561 1890 ad
1585 1854 1720 1893 Inscr-

257 1911 321 1952 Cl.
345 1911 442 1952 VII.
462 1925 502 1952 n.
522 1915 590 1954 28.
649 1906 766 1963 Ἠρία
784 1921 886 1948 vero
915 1917 958 1946 et
978 1904 1062 1960 ἱεροὶ
1084 1912 1192 1948 male
1217 1922 1527 1961 nonnunquam
1546 1922 1723 1962 permu-

253 1967 361 2016 tari,
391 1967 452 2007 H.
482 1965 666 2006 Valesius
690 1965 901 2004 indicavit
919 1964 1023 2004 Not.
1046 1964 1098 2003 ad
1120 1965 1329 2018 Har-poor»
1346 1978 1386 2017 p.
1411 1969 1478 2008 88.
1509 1963 1638 2017 ΓὈριοι
1657 1967 1722 2005 si-

253 2023 416 2062 militer
451 2032 495 2063 et
524 2019 640 2078 ἡρῷα
669 2022 931 2061 violatorum
962 2018 1090 2074 ἥρίων
1119 2020 1315 2074 pluribus
1354 2020 1400 2057 in
1432 2021 1539 2060 locis
1569 2023 1722 2064 arcessi

251 2091 377 2132 posse
397 2079 500 2118 alias
522 2076 806 2118 ostendemus.
847 2078 1032 2117 Hnmsr.

363 2157 467 2197 Ead.
487 2159 516 2196 1.
540 2161 583 2201 2.
614 2155 705 2210 Πρὸ
725 2159 805 2196 τῶν
824 2150 1010 2205 πόλεων)
1041 2153 1192 2194 Recte:
1223 2168 1317 2194 nam
1340 2156 1444 2193 intra
1463 2171 1593 2194 muros
1614 2157 1722 2195 civi-

250 2216 346 2252 iaiis
365 2230 503 2267 corpus
519 2212 737 2266 sepulturae
757 2210 846 2250 dari
865 2224 942 2250 nort
960 2222 1098 2266 potesr,
1122 2210 1184 2249 vel
1201 2214 1350 2250 ustrina
1362 2212 1471 2264 fieri,
1503 2221 1552 2250 ut
1568 2211 1720 2252 Paulus

250 2270 313 2307 ait
336 2269 408 2307 lib.
435 2270 466 2309 I.
497 2271 613 2310 Sent.
633 2268 732 2308 Rec.
755 2269 806 2306 T.
830 2267 950 2307 XXI.
976 2273 1007 2315 ἕ.
1034 2273 1074 2312 3.
1116 2268 1183 2304 Ex
1203 2267 1374 2305 Solonis
1393 2266 1606 2304 axonibus
1633 2282 1720 2306 ma-

248 2326 370 2364 navit
390 2329 463 2365 lex
485 2325 574 2364 XII
591 2324 719 2365 Tabb.
741 2323 952 2362 Hominem
970 2334 1164 2362 mortuum
1186 2321 1228 2361 ἰη
1243 2322 1337 2361 urbe
1356 2337 1401 2360 ne
1416 2322 1570 2375 sepelite
1584 2353 1594 2370 ,
1627 2340 1717 2362 neve

247 2383 365 2420 urito.
426 2381 537 2421 Vide
573 2381 648 2418 Th.
683 2379 873 2419 Mamilia·
905 2381 1201 2431 Interpretam.
1238 2387 1280 2416 et
1315 2391 1420 2428 quos
1452 2377 1503 2416 ad
1538 2378 1712 2419 ciceron.

250 2434 302 2476 de
324 2438 417 2476 LL.
444 2437 515 2485 11,
539 2442 608 2482 23.
630 2434 840 2476 indicavit
863 2434 1037 2474 doctiss.
1058 2434 1257 2472 Davisius.
1312 2433 1494 2475 HEMST.

359 2515 467 2555 Eacl.
490 2517 517 2555 l.
540 2517 580 2559 5.
618 2517 671 2556 Τί
695 2509 767 2557 οὖν
787 2514 932 2556 ἐκεῖνοι
959 2528 1014 2555 στ.
1039 2509 1133 2560 τούς
1152 2513 1218 2562 λ.)
1248 2511 1390 2550 Multa
1415 2511 1458 2549 in
1486 2512 1594 2552 hanc
1612 2528 1716 2554 sen-

247 2571 426 2609 tentiam
461 2571 606 2610 dixere
634 2581 810 2610 veteres.
873 2569 982 2609 Vide
1017 2567 1390 2620 Comparationem
1418 2567 1638 2608 Menandri
1670 2579 1714 2610 et

246 2625 506 2675 Philemonis,
551 2636 591 2664 et
624 2640 731 2678 quae
775 2625 824 2664 ed
854 2640 942 2665 eam
973 2623 1099 2663 habet
1128 2624 1236 2662 Dan.
1266 2624 1456 2664 Heinsius
1493 2626 1536 2663 in
1567 2626 1710 2667 Variis

244 2683 530 2721 Lectionibus
550 2681 861 2737 Rutgersianis.
905 2683 1044 2722 szn.
