1781 3174
422 198 486 228 IN
555 197 835 229 vlTARUM
907 198 1283 230 AUCTIONEM.
1485 192 1586 240 515

125 297 365 352 antiquitus
388 296 460 348 ξὲω
483 304 525 337 et
545 292 647 347 ξύω,
679 306 728 335 ut
746 297 820 350 χὲω
845 305 887 336 et
904 294 1009 350 χύω,
1041 297 1117 351 ῥ’έω
1139 306 1182 337 et
1202 295 1308 353 ῥ’ύω,
1343 310 1385 341 et
1404 304 1494 355 ejus
1515 318 1582 360 ge-

123 355 237 394 neris
261 356 367 403 alia,
403 352 546 393 eadem
568 353 732 391 fuerint
758 352 906 404 verba,
938 354 1075 393 forma
1091 357 1386 397 tantummodo
1408 365 1581 412 paulum

122 411 378 457 differentia,
409 421 497 451 tum
517 420 558 449 et
575 409 779 449 Lucianus
800 410 867 448 his
891 410 1068 450 diversis
1089 412 1260 462 formis,
1292 415 1365 463 ξέω
1391 418 1434 454 in
1459 418 1582 458 Prae,

121 469 233 506 senti
258 478 359 515 etc.‚
391 465 496 516 ξύσω
519 467 561 504 in
576 467 740 506 Futuro
761 478 862 516 etc.‚
895 466 955 505 ita
976 467 1139 518 utitur,
1169 478 1217 507 ut
1235 471 1410 511 eandem
1430 473 1482 512 iis
1506 475 1582 514 tri-

119 525 223 563 buat
244 533 519 576 potestatem,
553 522 666 578 quod
688 525 928 562 luculenter
951 522 1125 564 docebit
1148 524 1294 564 ludex.
1354 529 1426 567 De
1445 531 1583 572 forma

119 581 268 634 itaque
298 575 500 630 ἀπόξυσον
523 579 563 621 h.
586 582 612 617 1.
642 579 918 632 praeferenda
949 579 1024 618 vix
1052 580 1265 621 dubitatio
1294 598 1385 623 esse
1413 596 1581 640 potest,-

114 638 255 675 minus
276 647 434 675 certum
449 670 458 685 ,
494 650 601 689 quae
625 636 688 675 vis
708 637 747 675 ei
767 635 1016 684 statuenda,
1049 647 1190 676 utrum
1212 638 1492 694 Gesneriana,
1524 659 1579 685 an

112 693 372 734 Erasmiana.
437 693 532 746 Qua
557 693 724 739 ratione
749 692 821 731 hic
856 689 1061 742 ἀπόξυσον
1095 691 1140 735 τὸ
1171 695 1391 752 ἕρυθριςῖν,
1432 694 1578 741 eadem

109 763 283 803 prorsus
311 750 356 787 in
380 749 538 802 Navig.
561 764 594 788 e.
620 752 688 792 45.
718 746 924 799 ἀποξύσας
950 747 1025 800 τὴν
1048 748 1200 803 πολλὴν
1227 751 1374 806 ταύτην
1403 753 1579 811 κόρυζαν

111 806 295 844 dictum:
328 815 556 860 utrumque
590 815 728 844 autem
756 805 914 844 dictum
942 806 1173 847 Phoenicis
1201 808 1426 855 verborum
1457 828 1580 858 com-

105 863 348 902 monefacit
370 861 482 915 apud
505 862 720 902 Homerum
743 862 868 901 Iliad.
894 862 979 913 IX,
1010 867 1108 906 446.
1350 874 1353 876 ’

330 924 464 972 Γῆρας
481 914 708 969 ἀποξύσας,
738 919 884 970 θήσειν
910 921 1005 961 νέον
1024 917 1225 973 ἡβώοντα.

107 975 160 1014 In
183 973 251 1013 his
276 975 411 1014 tribus
432 975 538 1014 locis
560 985 601 1014 et
623 975 843 1021 omnibus,
864 991 969 1030 quae
989 986 1179 1028 exstant,
1211 978 1425 1021 similibus
1448 983 1573 1023 notio

106 1031 280 1085 propria
303 1032 520 1071 abrademli
538 1033 582 1069 in
605 1032 935 1085 metaphoricam
958 1031 1091 1081 abiit,
1122 1047 1209 1073 non
1229 1037 1463 1077 vehementer
1481 1041 1575 1093 qui-

107 1087 222 1137 dem,
255 1088 368 1142 quod
394 1089 436 1129 h.
462 1092 489 1128 l.
520 1087 685 1128 Gesnero
715 1088 900 1140 placuit,
932 1088 1003 1127 sed
1031 1105 1213 1143 prorsus,
1246 1102 1370 1132 totum
1400 1095 1573 1150 aliquid,

107 1144 343 1197 deponendi,
377 1145 607 1199 abjiciendi,
641 1155 687 1183 ut
708 1143 820 1182 nihil
843 1144 1052 1197 pristinae
1082 1146 1143 1186 rei
1163 1147 1356 1188 relictum
1379 1144 1572 1207 maneat3

107 1200 223 1253 quod
249 1201 374 1251 alibi,
408 1202 616 1254 imprimis
641 1202 686 1239 in
712 1201 768 1240 N.
792 1203 842 1241 T.
865 1201 1010 1251 libris,
1044 1201 1153 1240 alius
1178 1205 1450 1258 metaphorae
1472 1222 1568 1260 ope,

105 1257 156 1296 de
180 1257 339 1296 vestitu
366 1258 602 1308 desumtae,
635 1257 889 1309 exprimitur
916 1271 1022 1296 voce
1046 1255 1279 1310 ἐκδύεσθαι,
1312 1265 1379 1300 vel
1400 1259 1572 1306 ἆποδύεο

102 1320 221 1361 σθαι,
254 1330 403 1354 eoeuere,
463 1314 553 1354 Jam
575 1314 612 1352 si
645 1313 844 1352 Homerus
868 1313 1028 1353 voluit:
1059 1326 1248 1355 senectute
1270 1329 1417 1364 exuta,
1449 1336 1572 1373 repu-

105 1370 274 1418 bescere,
308 1380 349 1407 et
375 1370 580 1408 Lucianz'aes
611 1370 704 1422 ipse
735 1370 780 1407 in
803 1369 982 1424 Navigii
1010 1373 1132 1410 loco:
1165 1374 1277 1411 inani
1299 1377 1471 1415 vanitate
1494 1376 1571 1416 cle-

97 1429 231 1480 posita
252 1428 490 1480 resipiscere:
524 1425 628 1480 quid
649 1425 758 1465 idem
780 1425 964 1479 scriptor
985 1436 1131 1465 noster
1150 1428 1266 1466 aliud
1288 1428 1329 1469 h.
1348 1432 1377 1470 1.
1402 1433 1570 1487 cogita-

97 1497 143 1521 re
169 1483 336 1535 potuit,
371 1497 515 1535 quam:
548 1483 725 1522 ruborem
744 1485 900 1522 omnino
919 1498 1068 1521 omnem
1092 1482 1175 1523 clele
1189 1484 1353 1540 efacie,
1385 1497 1436 1526 ut
1455 1489 1569 1530 nihil

99 1537 269 1578 tandem
303 1542 393 1593 ejus
420 1538 720 1592 relinquatur?
783 1538 1059 1593 Significatur
1081 1553 1233 1594 nempe
1264 1540 1445 1585 ἀναίδεια
1476 1546 1565 1596 illa,

99 1610 205 1650 quae
226 1610 385 1634 summa
410 1596 587 1648 Cynicis
614 1595 886 1647 philosophis
906 1594 1133 1648 exprobari
1156 1597 1332 1637 solebat.
1377 1601 1536 1644 LEHM.

210 1651 313 1692 Ead.
332 1655 360 1691 l.
387 1657 452 1695 14.
487 1651 565 1705 Μὴ
595 1653 707 1702 ξένον
736 1650 1019 1705 προςιέμενος)
1050 1652 1106 1691 Η.
1127 1667 1162 1693 e.
1191 1663 1240 1691 ut
1270 1655 1399 1694 vertit
1417 1652 1566 1697 'inter-

94 1722 212 1761 pres,
258 1720 293 1747 et
322 1711 405 1748 sine
435 1708 517 1748 ullo
547 1711 777 1748 commercio
808 1725 885 1747 esse
910 1707 1025 1756 velis,
1067 1725 1185 1762 neque
1213 1713 1404 1761 amicum,
1443 1730 1565 1768 neque

93 1767 281 1818 hospitem
303 1765 496 1804 adeundo.
528 1768 594 1803 Tu
620 1779 718 1803 vero
740 1775 951 1816 postrema
978 1764 1049 1802 illa
1068 1779 1229 1804 mecum
1251 1768 1398 1819 potius
1419 1780 1562 1811 verte:

91 1837 214 1875 neque
235 1825 426 1869 amicum,
460 1837 579 1875 neque
600 1821 786 1874 hospitem
805 1820 1074 1860 aclmittenclo:
1103 1834 1197 1858 nam
1217 1827 1457 1874 προςίεσθαί
1471 1843 1562 1868 τινα

92 1891 181 1915 non
218 1886 281 1916 est
316 1877 426 1916 adire
459 1877 654 1931 aliquem5
695 1875 767 1914 sed
796 1876 964 1930 aliquem
1000 1876 1055 1915 ad
1085 1894 1124 1916 se
1150 1877 1373 1931 admittere,
1407 1882 1559 1923 aditum

92 1933 347 1974 conveniendi
370 1933 462 1972 dare
479 1934 613 1972 alicui.
672 1931 835 1973 Aelian.
859 1932 933 1974 lib.
955 1933 1031 1971 IX.
1052 1933 1102 1973 V.
1126 1934 1181 1973 H.
1204 1950 1238 1974 c.
1260 1942 1298 1980 3.
1316 1942 1477 1987 Κλεῖτος
1499 1939 1556 1990 δὲ,

94 1993 225 2032 εἴποτε
255 1991 383 2042 μέλλοι
411 1991 488 2030 τισὶ
517 1992 789 2042 χρηματίζειν,
834 1990 896 2030 ἐπὶ
936 1996 1163 2044 προφυρῶν
1187 1995 1361 2044 βαδίζων
1384 1993 1558 2048 εἱμάτων

93 2045 186 2094 ‘roi-9
214 2049 428 2098 δεομένους
452 2049 654 2098 προςίετο,
697 2044 821 2085 Clizus
844 2061 951 2094 vero,
987 2049 1021 2085 si
1049 2047 1208 2101 quando
1239 2049 1444 2090 audam-us
1475 2063 1557 2091 era-t

88 2103 302 2158 quosdam,
335 2103 585 2141 inambulans
604 2101 790 2154 stragulis
809 2105 1031 2155 purpureis5
1067 2103 1299 2144 admittebat
1325 2106 1558 2147 cles-ideran-

89 2172 173 2199 1es:
203 2170 242 2198 et
266 2160 421 2212 passim
452 2159 553 2197 alibi
584 2158 696 2211 apud
718 2158 897 2197 eundem
922 2168 963 2197 et
985 2160 1106 2198 alios.
1146 2162 1197 2200 L.
1216 2160 1308 2202 Bos
1342 2164 1482 2205 Anim.
1502 2164 1558 2203 acl

88 2217 258 2257 Luciam.
282 2231 322 2266 p.
343 2221 409 2258 60.

204 2272 307 2311 [bid.
342 2268 567 2320 Κατάλυσις
595 2295 651 2303 -
678 2269 749 2325 τῆς
773 2268 924 2324 ιῖρχῆς)
954 2271 1040 2310 Ηίο
1069 2270 1296 2312 deridiculi
1322 2275 1457 2329 gratia
1481 2274 1555 2312 in-

90 2328 209 2367 ducit
250 2329 520 2382 Diogenem,
569 2329 689 2381 quasi
726 2342 889 2382 regem,
941 2329 1011 2367 cui
1049 2328 1138 2366 sint
1167 2343 1316 2368 arcana
1349 2330 1552 2384 quaedam

89 2386 282 2438 imperii,
325 2399 430 2437 quae
458 2385 647 2438 evulgari
676 2399 762 2423 non
807 2393 997 2437 oportet,
1039 2398 1092 2424 ne
1120 2389 1309 2438 majestas
1343 2389 1432 2439 ejus
1463 2388 1551 2427 evi-

90 2444 232 2480 lescat.
275 2441 413 2479 CLEn.
469 2441 626 2480 Brianca
656 2456 742 2480 esse
776 2451 918 2480 textus
954 2440 1100 2491 verba,
1133 2443 1345 2480 intellexit
1372 2442 1548 2493 Belinus,

87 2497 215 2535 modo
236 2499 440 2537 tenuisset
459 2514 603 2537 manca
621 2511 720 2538 esse.
782 2497 862 2536 Sed
884 2512 1034 2551 quum,
1061 2512 1145 2549 quo
1170 2497 1387 2538 commode
1406 2503 1548 2551 exple-

85 2563 256 2605 rentur,
288 2569 373 2592 non
410 2553 602 2601 haberet,
638 2555 681 2591 in
715 2554 899 2592 animum
937 2554 1110 2591 induxit
1145 2568 1290 2592 vocem
1320 2555 1546 2609 genuinam

86 2605 210 2662 ἀρχῆς
237 2611 463 2664 corrigere,
498 2621 562 2658 et,
599 2608 713 2663 quod
745 2609 1086 2648 substituendum
1121 2610 1359 2661 videbatur,
1401 2608 1548 2665 ἀρετῆς

86 2667 240 2704 fulcire
268 2677 510 2718 comparato
541 2667 672 2704 simili
705 2670 801 2704 loco
833 2666 1001 2704 Timon.
1024 2680 1057 2704 c.
1083 2670 1151 2708 42.
1174 2666 1248 2703 ubi
1278 2675 1416 2706 tamen
1440 2682 1546 2720 quae

84 2725 284 2777 leguntur
303 2723 496 2761 Timonis
530 2722 677 2763 verba:
708 2723 776 2764 καὶ
801 2721 844 2765 τὸ
871 2725 1059 2776 οἰκτεῖραι
1084 2719 1334 2774 δακρύοντα,
1369 2724 1437 2766 καὶ
1464 2725 1544 2767 ἑπι-

1122 2779 1164 2818 R
1183 2779 1210 2818 k
1241 2785 1267 2824 2
