1781 3174
181 196 280 241 644
534 201 1285 234 ADNOTATIONES

179 324 233 362 τρ
250 301 493 361 ιβοῦσης]
526 301 590 341 Ita
609 302 681 341 W.
705 301 753 340 V.
777 303 901 344 2954.
923 310 965 339 et
995 300 1097 338 hinc
1128 299 1325 340 Schmiccl.
1358 299 1472 338 Olim
1498 299 1634 338 fuerat

181 361 284 412 πρὸς
306 361 348 403 τὸ
377 358 454 412 ’ἡδύ
485 361 610 400 ἐκεῖνο
642 367 746 406 ete.,
790 357 903 410 quod
933 371 1061 410 quum
1093 356 1145 395 ad
1176 357 1326 396 bonam
1358 356 1635 395 Graecitatenn

186 410 414 459 difficulter
434 415 581 455 referri
601 429 723 467 posse
744 413 983 462 videretur,
1017 428 1092 465 pro
1112 413 1212 468 πρὸς
1229 414 1271 452 in
1294 427 1422 467 marg.
1443 413 1492 453 Λ,
1516 413 1635 455 1.W.

186 476 390 528 scriptum
409 474 701 524 conjecturae,
734 470 910 523 opinor,
944 470 1076 508 instar
1095 470 1304 523 reperitur
1321 472 1424 521 περί.
1482 470 1635 507 Verum

184 529 289 587 πρός
305 547 382 571 τινι
401 527 599 582 πράγματι
620 525 744 572 εἶναι,
778 529 843 565 vel
865 528 1101 580 διατρίβειν,
1132 526 1301 578 phrases
1327 535 1424 564 sunt
1448 538 1469 562 a
1495 535 1639 563 nostro

185 589 393 640 scriptore
413 583 527 623 haud
552 596 722 636 prorsus
754 583 939 630 alienae,
973 582 1047 620 ubi
1076 583 1204 631 velis,
1238 593 1468 636 occupatum
1497 598 1574 619 esse
1602 583 1641 619 in.

187 644 326 698 aliqua
346 657 403 692 re,
432 650 555 679 mente
574 642 721 678 intenta
743 650 777 677 et
794 640 908 692 quasi
925 641 1069 693 infixa.
1104 638 1170 678 Cf.
1191 639 1324 676 Dian.
1346 640 1496 677 Deorr.
1519 638 1640 679 XIX.

189 712 295 740 extr.
328 697 494 751 Tetigit
524 696 670 749 itaque
694 710 779 734 rem
804 695 942 734 versio
974 694 1156 741 Latina,
1188 709 1438 747 quamquam
1475 708 1655 746 pravmn.

188 763 332 795 secuta
355 753 609 797 lectionem,
638 749 740 805 πρὸς
756 748 800 792 τό
826 747 901 803 ἡδὺ
926 752 1067 792 ἐκεῖνο.
1125 750 1287 789 Belinus
1314 764 1435 797 vero,
1468 749 1640 802 probam

188 811 258 851 sui
289 808 463 849 Codicis
501 808 729 847 lectionem
764 809 1003 859 amplexus,
1054 821 1076 845 a
1111 821 1211 845 vero
1247 809 1374 859 longe
1410 805 1642 855 aberravit,

187 865 392 907 reddens:
424 880 543 918 supra
572 864 672 914 hanc
704 863 940 916 volupiatem
962 863 1244 902 immorabafur
1270 865 1414 902 anima.
1474 861 1644 915 Cogita-

188 923 254 963 vit
271 921 434 961 scilicet
453 921 537 958 sibi
562 933 648 959 eam
667 920 1003 971 Praepositionis
1025 918 1126 974 πρὸς
1146 934 1238 957 cum
1262 918 1389 958 tertio
1412 931 1510 956 casu
1528 920 1645 969 junc-

189 989 258 1017 tae
278 986 530 1031 potestatem
545 1004 557 1023 ‚
588 990 670 1030 qua
690 974 952 1014 additionem
975 976 1158 1030 aliquam
1186 973 1426 1030 significat,
1458 983 1506 1013 ut
1528 974 1574 1011 in
1598 973 1644 1011 il·

188 1037 233 1074 lo
256 1033 359 1090 πρὸς
381 1029 559 1082 τούτοις,
591 1042 634 1072 et
657 1031 882 1072 similibus.
912 1032 1069 1071 LEnM.

305 1113 403 1165 1³⁰3·
426 1115 522 1155 241.
546 1112 574 1149 l.
596 1115 635 1154 2.
674 1113 754 1152 Τοῦ
772 1107 851 1167 κᾷν
871 1108 1020 1164 αὔτὸν)
1051 1109 1300 1165 Legendum
1336 1114 1412 1152 τοῦ
1438 1107 1515 1165 κᾷν
1541 1106 1648 1164 αύτῷ

188 1167 521 1224 παραγεύσασθαί
538 1183 635 1208 ποτε
660 1169 870 1218 δίδοσθαι,
903 1168 938 1205 si
969 1167 1133 1221 aliquid
1166 1166 1324 1205 dixisse
1345 1167 1523 1205 velimus
1559 1165 1645 1204 Lu-

190 1229 360 1266 cianum.
396 1225 529 1264 GESN.
587 1224 653 1262 Re
678 1221 819 1263 denuo
839 1238 1041 1276 perpensa
1061 1222 1168 1262 illud
1186 1220 1306 1264 αὐτὸν
1327 1224 1427 1262 ferri
1447 1236 1566 1276 posse
1586 1237 1647 1260 ar-

191 1282 340 1330 bitrer,
374 1289 575 1333 tanquam
596 1280 880 1318 accusativum
901 1280 950 1318 ab
971 1279 1189 1318 infinitivo
1205 1279 1532 1334 παραγεύσασθαι
1546 1293 1647 1331 pen-

191 1338 374 1377 dentem.
436 1334 519 1376 Sed
543 1335 616 1388 qui
640 1336 869 1387 praeterito
892 1339 1011 1374 locus
1045 1336 1102 1373 sit
1132 1336 1176 1373 in
1209 1350 1305 1388 spe,
1336 1338 1478 1373 nullus
1509 1334 1645 1374 video.

189 1394 342 1446 Itaque
365 1402 485 1445 puto,
522 1389 638 1443 quod
662 1390 767 1441 dixi,
788 1390 1012 1445 legendum
1032 1394 1227 1432 δίδοσθαι.
1260 1392 1382 1429 IDEM
1404 1394 1445 1430 in
1460 1390 1643 1429 Asldeml.

189 1450 274 1488 Pro
298 1445 374 1504 κξῖν
396 1448 482 1486 ΝΙε.1
508 1447 614 1501 Reg.
636 1450 761 1490 2956.
788 1447 942 1485 rectius
962 1447 1068 1500 legit
1094 1449 1173 1488 καί.
1214 1445 1347 1488 Αὐτὸν
1377 1445 1567 1488 δεδόσθαι
1589 1461 1645 1486 sc.

189 1503 260 1547 τὸν
282 1502 408 1545 λωτὸν
427 1503 568 1541 AttIce
591 1505 682 1540 vult
704 1502 890 1555 positum
909 1503 1036 1541 Belin.
1060 1517 1136 1555 pro
1156 1500 1275 1559 αὐτῷ.
1336 1504 1542 1555 Exempla
1565 1505 1645 1541 col-

188 1560 294 1615 legit
321 1559 431 1599 idem
456 1558 524 1597 vir
547 1557 656 1599 doct.
676 1556 720 1595 in
744 1558 970 1598 Animadv.
990 1558 1041 1597 ad
1070 1559 1236 1613 Oppian.
1263 1558 1313 1598 de
1334 1560 1438 1600 Ven.
1461 1559 1496 1599 Ι.
1521 1573 1560 1598 v.
1582 1563 1646 1601 10.

188 1618 286 1656 B1P.
348 1613 439 1672 Κξὲν
465 1613 636 1652 facilius
659 1628 681 1651 a
703 1613 888 1652 librariis
924 1615 968 1653 in
990 1615 1079 1663 καὶ,
1114 1629 1237 1668 quam
1259 1617 1326 1656 καὶ
1361 1615 1406 1653 in
1430 1612 1526 1671 κᾷν,
1557 1629 1645 1653 mu.

189 1673 270 1712 tari
295 1671 450 1725 potuit.
514 1670 570 1708 H.
593 1673 622 1710 l.
646 1665 717 1720 ἂν,
751 1669 864 1723 quod
897 1681 957 1709 est
978 1671 1023 1709 in
1045 1670 1143 1725 κᾷν,
1177 1678 1269 1709 cum
1291 1670 1518 1710 Infinitivo
1542 1669 1648 1713 δεδό-

188 1735 288 1770 σθαι
309 1726 527 1772 cohaeret,
561 1736 687 1779 atque
709 1725 814 1764 adeo
839 1725 979 1764 eadem
1004 1726 1044 1764 h.
1067 1730 1094 1765 1.
1124 1728 1232 1765 ratio
1261 1737 1345 1778 est,
1387 1726 1437 1766 de
1469 1741 1552 1780 qua
1584 1741 1648 1766 ac-

189 1794 281 1822 tum
302 1784 347 1821 in
367 1783 484 1821 Varr.
505 1782 648 1821 Lectt.
669 1781 720 1819 ad
742 1781 926 1820 Charon.
952 1797 985 1820 c.
1002 1788 1065 1825 17.
1086 1781 1286 1825 Δεδόσθαι
1306 1792 1443 1821 autem
1466 1785 1664 1822 Fracta-4

187 1840 295 1878 itum
329 1853 421 1877 cum
457 1838 584 1877 verbo
625 1837 824 1888 sperandi
853 1841 1043 1890 junctum
1077 1854 1162 1877 non
1187 1840 1326 1878 min-us
1360 1840 1462 1877 ferri
1492 1849 1646 1893 potest,

188 1909 314 1948 quam
341 1897 544 1942 ἐλπίζοντα
583 1895 768 1947 γενέσθαι
784 1891 982 1948 βἈνουβιν
1025 1896 1156 1936 Diali.
1190 1897 1343 1934 Mortr.
1375 1895 1510 1945 XIII,
1541 1902 1579 1939 ὃ.
1608 1905 1649 1934 et

186 1950 589 2003 προμαντευομένους
606 1947 706 1990 οὕτω
725 1951 910 2003 γενέσθαι
927 1955 1048 1992 ταῦτα
1068 1951 1176 1989 Ibid.
1197 1952 1275 2001 XI,
1295 1958 1333 1996 3.
1355 1951 1429 1989 ubi
1450 1951 1535 1991 vid.
1556 1961 1646 1990 not.

185 2007 387 2061 Denique
420 2002 541 2047 αὐτὸν
574 2015 684 2045 recte
723 2016 865 2045 censet
896 2007 1058 2046 Βεῖἰηιιε
1091 2009 1277 2060 positum
1312 2021 1400 2047 esse
1424 2021 1500 2059 pro
1525 2005 1647 2048 αὖτῡῖ.

185 2061 352 2102 Eodem
382 2062 509 2101 modo
543 2061 795 2113 capiendum
812 2093 823 2112 ,
859 2062 972 2115 quod
991 2064 1257 2116 frequentius
1280 2063 1488 2110 occurrit,
1522 2061 1543 2104 ὁ
1564 2051 1645 2104 ἐπί-

183 2119 443 2171 τετραμμένος
463 2135 510 2168 τι,
530 2121 594 2156 cui
612 2117 767 2171 aliquid
786 2129 839 2156 est
858 2122 1116 2168 commissum,
1137 2120 1378 2159 mandatum.
1412 2118 1499 2159 vid.
1522 2119 1644 2174 Nigr,

187 2190 222 2215 0·
245 2180 310 2219 34⁴
330 2177 484 2213 Toxar-
508 2187 545 2216 0.
567 2179 635 2217 33.
665 2172 732 2211 Ad
753 2174 1085 2228 παραγεύσασθαι
1105 2190 1205 2215 vero
1231 2177 1357 2215 facile
1385 2189 1406 2214 e
1428 2175 1643 2228 prioribus

184 2231 373 2283 suppleri
395 2239 539 2284 potest
558 2226 695 2270 λωτόν.
728 2230 885 2270 LEnM.

294 2296 398 2336 Ead.
419 2299 445 2335 l·
466 2301 503 2339 3.
536 2293 760 2346 Δεδόσθαι)
792 2296 947 2346 Probo,
964 2298 1076 2350 quod
1098 2298 1140 2337 in
1155 2299 1216 2338 Fl.
1240 2308 1282 2337 et
1301 2299 1339 2338 J.
1358 2307 1419 2338 est
1438 2298 1642 2350 δεδέσθαις

182 2352 373 2408 quamvis
394 2352 521 2391 etiam
542 2353 649 2390 Mss.
668 2353 714 2392 P.
734 2353 796 2394 M.
821 2362 863 2392 et
881 2354 932 2393 V.
956 2356 1195 2406 praeferant
1216 2358 1440 2409 vulgatam,
1472 2356 1640 2395 SOLAN.

292 2429 393 2471 Εαιῖ.
422 2433 450 2468 l.
485 2435 523 2473 4.
566 2434 740 2484 Πληγῶν
769 2448 824 2466 -.-
850 2429 1026 2487 Ὃμηρ.)
1067 2432 1196 2485 Apud
1230 2432 1640 2486 Paroemiographos

179 2485 335 2523 frustra
366 2500 550 2536 quaeras.
621 2486 752 2533 Vide,
796 2502 848 2525 an
891 2489 944 2526 ad
981 2490 1135 2527 librum
1175 2488 1358 2537 alludat,
1401 2489 1494 2538 cui⁷
1534 2499 1640 2528 teste

179 2540 329 2590 Sama,
360 2541 601 2581 Ptolomaeus
627 2543 934 2582 Grammaticus
955 2545 1125 2583 titulum
1149 2546 1305 2583 fecerat
1331 2547 1418 2595 περὶ
1441 2550 1517 2585 τῶν
1536 2542 1638 2598 παρ’
1659 2580 1662 2584 .

170 2592 341 2651 Ὀμήρῳ
365 2602 536 2650 πληγῶν.
597 2597 719 2637 Adde
751 2608 791 2637 et
811 2598 938 2640 Herc.
963 2614 996 2639 c,
1020 2606 1056 2643 7.
1084 2598 1303 2653 “”Ομηρικός
1325 2603 1535 2649 νεανίσκος
1557 2603 1639 2642 ἐπι-

175 2649 313 2703 πλήξει
344 2669 423 2701 μοι.
465 2653 636 2695 SOLAN.
710 2655 776 2692 An
813 2654 865 2694 de
901 2657 1036 2710 plagis
1070 2657 1371 2708 interpretatur
1402 2658 1631 2703 aniannffi

177 2707 292 2761 quod
316 2706 398 2749 Od.
422 2709 507 2756 IX,
529 2714 594 2755 98.
617 2710 667 2750 de
700 2710 851 2762 sociis,
885 2712 959 2767 qui
993 2715 1128 2753 lotum
1164 2721 1461 2767 gustaverant,
1493 2721 1634 2752 narrat
