1781 3174
236 191 333 239 658
588 196 1343 232 ADNOTATIONBS

235 301 481 346 miliaritatis
501 295 699 353 equidem
723 296 767 335 in
787 296 870 335 hoc
898 296 1108 336 vocabulo
1136 299 1302 336 nullum
1323 296 1594 351 deprehendo
1628 313 1697 339 ve-

236 361 426 417 stigium.
457 355 684 396 Restiterit
705 353 852 408 igitur,
885 363 933 392 ut
952 354 1155 406 physicae
1175 355 1347 393 notioni
1365 358 1567 394 senectutis
1586 370 1698 395 men-

236 430 281 458 te
322 417 601 470 adjungamus
633 413 830 450 moralem
863 413 1029 449 astutiae
1065 421 1106 449 et
1133 414 1341 463 versutiae,
1395 413 1532 451 veluti
1562 413 1697 452 Diall.

233 476 368 520 Deor.
393 472 461 519 II,
489 476 523 512 1.
556 466 727 521 Cupido
750 481 855 518 puer
875 480 896 504 a
917 467 1024 507 Jove
1048 467 1205 506 dicitur
1225 470 1350 523 γέρων
1380 470 1447 510 καὶ
1465 473 1698 524 πανοῦργος

236 531 306 574 ὤν.
368 529 437 569 Sic
460 524 689 565 occurrerit
707 524 870 577 legenti
898 524 1055 562 amicus
1079 523 1266 573 domini,
1300 525 1485 579 ejusdem
1515 540 1607 564 cum
1637 526 1700 579 ip-

237 603 284 627 so
309 595 351 626 et
372 582 603 624 senectutis
621 589 662 619 et
681 579 915 630 versutiae3
947 594 1032 618 non
1054 583 1170 620 male.
1230 583 1288 620 At
1308 596 1475 631 nonne,
1507 582 1698 630 obsecro,

237 644 348 684 idem
372 642 479 689 hoc,
513 637 641 693 idque
666 638 795 690 longe
820 636 1043 675 venustius
1064 647 1105 676 et
1124 638 1295 687 salsius,
1325 638 1592 693 significatur
1621 652 1702 677 vo-

238 714 286 740 ce
316 696 545 738 Homerica
573 693 806 748 ὥμογέρων,
849 706 955 742 qua,
999 702 1200 747 tanquam
1239 695 1484 734 foedissimo
1519 694 1700 745 mendo,

239 757 491 809 inquinatos
521 766 610 791 esse
635 750 767 788 libros
796 749 969 789 Salanus
1004 750 1260 790 contendere
1291 765 1415 790 ausus
1445 751 1542 790 est?
1584 751 1701 804 Quin

239 814 333 865 ipsa
352 814 466 865 legas
487 806 713 847 Antilochi
732 806 858 844 verba
881 804 1004 844 Iliad.
1024 806 1198 857 XXIII,
1220 812 1319 851 791.
1351 807 1402 846 de
1424 808 1581 859 Ulysse
1603 823 1704 846 cru-

240 869 346 915 dae,
377 868 406 907 i.
430 880 467 906 e.
489 862 663 905 vividae
691 861 830 901 adhuc
853 871 894 901 et
917 873 1108 902 versutae
1131 865 1362 902 senectutis
1390 864 1480 902 viro
1512 864 1704 917 agentia,

240 928 307 965 vel
329 923 472 976 potius
495 931 634 960 totum
658 919 784 957 istum
807 921 972 965 locum,
1006 928 1047 958 et
1083 921 1209 959 facile
1239 921 1462 972 fateberis,
1493 921 1580 957 nisi
1611 919 1707 958 Lu—

240 981 371 1023 cianei·
388 977 552 1033 ingenii
579 985 754 1029 prorsus
774 974 908 1013 fueris
934 975 1124 1028 ignarus,
1157 991 1244 1014 non
1271 976 1485 1031 ὠμογέρων
1515 977 1560 1013 in
1582 975 1703 1014 libris

240 1036 462 1087 omnibus,
495 1032 568 1072 sed
592 1029 796 1086 ὅμογέρων
822 1032 865 1068 in
892 1031 998 1069 Cod.
1019 1033 1067 1071 L.
1087 1064 1098 1081 ‚
1132 1032 1372 1072 habendum
1392 1048 1482 1073 esse
1509 1032 1707 1071 foedissi-

241 1108 354 1134 mum
402 1090 614 1131 mendum.
685 1087 882 1127 Ceterum
917 1088 1071 1127 Vorstii
1108 1090 1303 1128 scholion
1320 1125 1328 1141 7
1379 1089 1493 1145 quod
1541 1088 1711 1128 Solemus

243 1149 490 1202 descripsit,
521 1143 745 1185 maximam
767 1155 928 1197 partem
951 1159 972 1183 e
1004 1145 1131 1184 Suicla
1159 1144 1395 1185 desumtum
1416 1156 1504 1197 est3
1537 1146 1610 1199 qui
1639 1155 1708 1183 ta-

241 1222 335 1246 men
357 1213 455 1259 post
480 1203 507 1256 ἢ
527 1198 744 1257 συμφοράν
775 1200 912 1251 addit,
948 1215 1055 1253 quae
1089 1204 1262 1255 proprie
1297 1203 1380 1242 huc
1413 1202 1709 1256 pertinebant:

241 1266 308 1307 καὶ
327 1259 570 1315 πρεςβύττῐς,
607 1260 654 1300 οὑ
675 1255 702 1311 ἦ
726 1256 879 1310 κεφαλὴ
901 1249 975 1299 οὖν,
1000 1259 1215 1312 ἐπολιώθη.
1246 1261 1404 1299 Lmrm.

356 1318 459 1358 EacZ.
480 1321 508 1356 l.
531 1322 570 1360 8.
605 1314 762 1364 Εἶδον)
804 1314 1020 1353 Videntur
1046 1316 1199 1355 melius
1234 1316 1479 1367 cohaerere,
1513 1329 1621 1369 quae
1651 1329 1712 1355 se·

244 1382 461 1430 quuntur‚
496 1375 532 1411 si
564 1387 649 1411 non
671 1374 785 1424 legas
816 1369 938 1419 εἶδον,
968 1368 1041 1409 sed
1071 1372 1185 1413 ἰδών.
1248 1373 1373 1412 Certe
1402 1373 1514 1412 inter
1549 1371 1711 1410 dictan-

241 1440 325 1472 'tem
349 1440 391 1470 et
413 1429 699 1481 excipientem
722 1427 847 1465 facile
875 1427 953 1464 ista
979 1428 1147 1466 misceri
1173 1439 1352 1470 constat.
1414 1428 1626 1482 Equidem
1652 1429 1711 1466 ita

240 1489 365 1528 verti.
391 1487 527 1527 Gsssn.
570 1481 913 1534 Praetuliteidnig,
947 1483 1061 1536 quod
1081 1484 1325 1538 suppeditat
1345 1495 1488 1540 margo
1512 1486 1560 1524 A.
1586 1491 1621 1527 1.
1639 1485 1712 1523 W.

240 1546 400 1586 me.

356 1598 458 1641 Εαᾶ.
479 1597 506 1639 l.
531 1602 595 1641 13.
638 1593 812 1638 Μισθὸν
843 1588 886 1637 εὗ
915 1592 1130 1651 τοιαύτης)
1165 1592 1237 1638 Ἐκ
1269 1595 1470 1650 τοιαύτης-ι
1501 1598 1712 1637 MARCIL.

242 1659 293 1700 B.
320 1663 357 1701 2.
383 1656 450 1695 Fr.
477 1663 518 1693 et
538 1654 633 1692 Pan
652 1669 690 1706 μ.
710 1654 752 1694 ἐκ
770 1670 804 1693 τ.
838 1652 952 1707 quod
977 1668 1050 1690 cur
1075 1653 1287 1704 inserant,
1335 1657 1451 1693 nulla
1479 1655 1587 1693 ratio
1619 1664 1705 1702 est;

243 1730 323 1755 nec
355 1713 422 1753 Μ.
455 1709 662 1764 agnoscit.
703 1710 873 1748 SoLAN.
937 1709 1064 1762 Quod
1098 1712 1140 1751 ἐκ
1172 1725 1251 1762 pro
1286 1708 1328 1752 εὖ
1363 1710 1542 1764 conjicit
1572 1711 1710 1751 ΖΠανσ.

242 1781 357 1811 recte
387 1767 582 1822 quidem3
617 1764 689 1804 sed
721 1767 763 1807 ἐκ
796 1764 1009 1804 habebant
1033 1765 1126 1804 edd.
1159 1767 1251 1806 Par.
1284 1762 1335 1807 B.
1367 1773 1406 1809 2.
1429 1776 1469 1806 et
1496 1767 1562 1807 Fr.
1589 1766 1715 1805 Grae-

241 1824 363 1867 viana
387 1832 527 1863 autem
550 1821 776 1860 absurdum
808 1821 915 1860 illud
937 1817 978 1862 εὖ
1002 1832 1199 1862 servarat.
1259 1824 1350 1863 Nos
1379 1827 1459 1875 jam
1482 1838 1558 1874 pro
1583 1825 1625 1865 ἐκ
1645 1822 1714 1862 de-

243 1884 382 1922 dimus
404 1884 490 1933 τῆς,
521 1894 574 1918 ex
594 1880 849 1917 auctoritate
872 1877 963 1919 edd.
987 1879 1242 1931 optimarum
1261 1891 1302 1919 et
1323 1879 1428 1919 Cod.
1450 1880 1516 1920 M.
1548 1880 1712 1919 RmTz.

241 1940 366 1991 Lego
393 1938 458 1980 ἐπὶ
479 1934 667 1987 τοιαύτης
700 1932 954 1988 εὐδαιμονίας
975 1949 1050 1986 pro
1083 1939 1257 1990 vulgato
1290 1933 1344 1978 εὖ.
1381 1937 1517 1975 GnsN.
1582 1934 1712 1990 Quod

240 2009 294 2035 ne
315 1996 420 2034 bene
456 1992 627 2046 quidem
661 1991 868 2030 Graecum
892 1991 1060 2044 judico,
1095 1993 1128 2029 si
1153 1993 1237 2040 ita,
1271 2004 1318 2031 ut
1341 1992 1548 2042 Gesnems,
1582 1993 1711 2032 inter-

239 2051 445 2106 preteris:
477 2047 532 2086 ατῐ
547 2047 898 2103 hancselicitatem
915 2050 1080 2100 insuper.
1111 2048 1244 2088 Recte
1258 2049 1463 2103 plurimae
1485 2048 1595 2089 Edd.
1613 2057 1713 2090 vett.

238 2118 280 2149 et
300 2118 445 2148 omnes
465 2113 643 2148 recentt.
666 2108 737 2155 τῆς
752 2102 939 2156 τοιαύτης
965 2102 1241 2158 εὐδαιμονίας,
1275 2106 1318 2142 in
1346 2119 1431 2158 quo
1465 2105 1578 2144 haud
1608 2106 1711 2146 ille-

238 2164 339 2218 pida
358 2166 471 2202 inest
490 2160 736 2216 Antilogia‚
772 2161 1197 2218 susceptaefilicimtis
1224 2166 1338 2201 eiiam
1361 2163 1572 2203 mercedem
1592 2165 1709 2201 acci-'-

234 2232 335 2275 per-e.
404 2216 630 2259 Contraria
662 2217 829 2256 ratione
858 2228 1078 2271 peccatum
1108 2232 1130 2257 a
1159 2217 1344 2258 librariis
1376 2219 1419 2256 in
1449 2219 1576 2257 simili
1607 2222 1704 2257 loco

237 2277 392 2317 Abdic.
419 2289 508 2327 cap.
534 2277 601 2318 25.
626 2272 700 2310 ubi
732 2283 844 2314 recte
865 2273 1043 2314 Reitzius
1063 2276 1130 2316 καὶ
1150 2274 1298 2327 μισθὸν
1319 2273 1362 2317 τὸ
1383 2278 1503 2324 (non
1528 2278 1622 2324 τοῦ,
1658 2283 1707 2312 ut

235 2333 438 2373 nonnulli
475 2331 578 2382 alii)
610 2327 816 2371 δουλεύειν
842 2329 982 2379 αὐτοῖς
1012 2355 1063 2360 —-
1095 2330 1410 2383 προδεδωκότες,
1443 2334 1509 2370 vel
1536 2331 1707 2384 potius,

235 2398 285 2428 ut
317 2389 537 2428 Gronovius
557 2389 738 2436 maizuh,
772 2386 1106 2440 προςδεδωκότες.
1141 2389 1297 2427 Lnnnr.

346 2445 444 2498 Pag.
469 2447 564 2487 2572
588 2446 614 2481 1·
642 2449 676 2486 1.
696 2440 874 2492 ’Ἀσωτος
893 2442 954 2495 εἶ)
989 2445 1191 2483 Vct-stium
1220 2448 1357 2499 legere
1375 2441 1529 2492 ἄσωτος
1552 2444 1605 2489 εἰ,
1638 2451 1704 2482 ac·

235 2511 362 2541 centu
383 2500 583 2539 enclitice
606 2502 780 2551 trajecto
797 2533 808 2548 ‚
835 2509 957 2538 notat
981 2501 1176 2552 Solanus,·
1207 2502 1278 2539 sed
1303 2500 1376 2537 vix
1398 2500 1501 2537 mihi
1524 2512 1706 2551 persua-

236 2557 341 2606 deo,
376 2571 470 2595 eum
494 2566 576 2594 tam
607 2569 740 2593 crasse
767 2566 901 2595 errare
932 2558 1144 2608 potuisse,
1187 2565 1277 2595 cu'm
1313 2556 1587 2594 Grammatici
1618 2555 1704 2594 do*

235 2623 377 2662 ceant,
410 2611 635 2651 secundam
659 2625 825 2663 person.
848 2612 956 2666 sing,
981 2613 1092 2653 verb.
1115 2614 1193 2664 εἰμὶ
1215 2627 1301 2650 non
1331 2627 1418 2652 esse
1439 2612 1712 2653 encliticam:

235 2668 369 2722 Cujus
389 2668 448 2707 rei
472 2668 677 2705 rationem
698 2677 788 2706 esse
809 2667 951 2718 credo,
985 2675 1034 2707 ut
1055 2669 1215 2709 vitetur
1244 2668 1501 2723 ambiguum,
1535 2683 1588 2707 ne
1607 2670 1700 2708 scil.

234 2723 525 2766 confundatur
556 2737 649 2763 cum
674 2723 885 2778 particula
912 2727 950 2768 εἰ
971 2735 1111 2769 atone.
1151 2726 1315 2767 mez.
1384 2725 1436 2766 In
1465 2723 1633 2769 τοσόνδέ
1661 2742 1696 2767 τι
