1781 3174
546 122 623 154 1N
694 123 1195 154 enar-obsum.
1509 109 1602 154 471

145 234 256 271 tum,
286 233 334 261 ut
355 221 499 273 audis,
532 219 582 260 ab
606 220 756 259 inferis
779 235 942 261 sursum
964 233 1146 261 remeare
1168 218 1408 260 eredebant.
1463 219 1605 273 Hujus

139 280 225 318 loci
246 294 332 319 non
364 278 557 318 meminit
595 275 866 327 castellanus,
898 278 971 332 qui
996 278 1110 317 hunc
1141 291 1297 315 morem
1324 285 1464 316 tamen
1492 286 1605 316 recte

141 336 337 375 observat
358 335 452 375 AG.
477 334 584 383 VII,
603 339 700 378 682.
762 334 857 372 Alia
882 334 926 372 in
953 349 1040 374 eam
1061 348 1145 372 rem
1167 332 1414 372 testimonia
1435 333 1510 387 qui
1531 347 1605 371 vo-

138 394 219 439 let,
251 393 469 431 Mem-sium
496 389 617 429 adeat
640 390 698 431 ib.
723 395 820 434 884.
845 396 938 434 824.
973 390 1153 430 Eustatlz.
1177 387 1229 428 ad
1254 388 1335 429 Od.
1359 388 1394 426 I.
1419 405 1604 430 κατακα-

134 453 215 489 λεῖν
235 445 384 496 αυτούς
405 450 459 495 εἰς
474 447 577 498 τρὶς,
609 449 677 489 καὶ
697 448 861 489 δέεσθαι
881 445 1091 496 ανελθεῐν,
1127 463 1180 495 ως
1200 443 1434 500 μετάσχοιεν
1453 446 1603 499 δαιτὸς,

134 504 422 556 Bithynorum
445 517 534 542 mos
557 518 727 564 pelegre
751 504 979 542 defunctis.
1013 505 1102 544 Sor
1108 518 1181 543 AN

245 559 348 600 Eacl.
371 562 395 601 l.
418 565 484 603 12.
511 556 580 608 ,Ως
599 558 686 601 οἱὸν
706 559 770 613 τε)
801 560 881 599 Ed.
904 559 942 600 J.
965 561 1011 599 P.
1034 569 1074 599 et
1094 560 1147 600 L.
1174 575 1230 609 ως
1257 559 1411 601 οἴονται
1430 571 1509 612 pro
1531 556 1601 596 his

133 615 316 656 habent.
348 616 420 655 sed
446 630 547 655 cave
567 616 775 654 mutassis.
819 616 909 654 SOI
919 632 989 655 sN.

244 672 349 712 Ibid.
383 670 731 726 Περιπετομένας)
773 673 824 711 In
848 672 1013 712 diversa
1045 671 1118 711 hic
1150 671 1308 712 abeunt
1334 668 1446 712 Edd.
1475 670 1601 709 Pari-

128 728 278 768 siensis
302 727 429 767 habet
449 730 802 783 περιπεπτομὲνας·
834 730 1022 782 reliquae
1044 730 1388 781 περιπεττομένας.
1438 726 1598 766 Omnes

129 785 352 824 mendose:
386 796 544 824 rectum
576 796 663 836 est,
697 785 810 840 quod
834 784 1157 840 adscripsimus,
1192 784 1384 840 quamvis
1407 783 1452 823 in
1474 786 1596 823 nuno

127 841 238 880 libro
260 851 409 881 exstet.
452 842 622 880 SOLAN.

238 898 338 952 Pag-
372 903 440 942 69
466 901 492 937 l·
519 904 556 942 1
602 896 792 954 Κατάγον
823 895 1001 951 αὐτούς)
1042 898 1152 953 Leg
1187 895 1402 954 κατάγοντι
1427 913 1593 946 αυτους

123 953 265 994 Bnon

238 1009 340 1052 Εαίῖ.
371 1013 398 1048 l·
427 1014 466 1055 4
509 1009 782 1064 ’Ἐπασχες]
815 1012 887 1052 Sic
920 1010 1079 1050 dudum
1108 1011 1272 1064 conjeci
1305 1008 1590 1050 scribendum.

122 1067 251 1106 Nunc
272 1067 444 1106 minime
475 1068 582 1106 mihi
606 1069 803 1119 dubium,
837 1068 941 1134 quin
964 1069 1137 1121 ἔπασχον
1157 1069 1206 1106 ab
1228 1067 1364 1106 aliena
1385 1080 1511 1116 manu
1533 1066 1593 1104 sit

121 1124 376 1176 profectum.
435 1124 619 1163 Primum
649 1139 786 1177 neque
814 1121 1021 1178 κατάγειν,
1061 1139 1198 1179 neque
1231 1120 1420 1188 άνάγειν,
1461 1121 1589 1161 verba

121 1189 233 1228 sunt,
256 1194 362 1232 quae
380 1180 586 1219 Lucianus
607 1181 796 1219 Charoni
819 1195 896 1219 suo
918 1181 1104 1219 tribuere
1130 1184 1260 1219 solet.
1295 1181 1380 1218 imo
1402 1195 1589 1232 καταγειυ

118 1249 281 1286 semper
311 1245 374 1274 est
396 1237 609 1275 Mercurii
644 1238 886 1289 proprium,
921 1237 1004 1305 qui
1028 1237 1199 1290 quidem
1235 1235 1402 1274 umb1as
1433 1236 1474 1272 in
1509 1234 1589 1273 Or-

119 1306 214 1330 cum
236 1291 415 1334 deducat
474 1293 530 1330 Et
562 1293 689 1331 modo
714 1291 927 1357 nattiyoyn
955 1290 1102 1342 αὐτοὺς
1127 1301 1412 1345 praecesserat
1434 1290 1484 1330 de
1504 1292 1587 1331 hoc

116 1348 324 1387 B'Iercurii
352 1362 538 1387 munere.
612 1349 786 1389 Deinde
817 1350 943 1389 etiam
974 1349 1078 1388 haec
1105 1349 1230 1388 vexba
1261 1349 1304 1386 in
1336 1362 1380 1387 re
1413 1348 1588 1385 nautica

117 1405 242 1443 aliter
269 1414 468 1457 usurpata
490 1405 622 1445 fuisse
650 1416 840 1454 constat,
877 1420 1000 1459 quam
1021 1405 1062 1445 h.
1084 1409 1110 1445 l.
1135 1414 1264 1443 nauta
1296 1405 1386 1457 ipse
1411 1404 1464 1441 iis
1485 1413 1587 1442 ute-

114 1470 244 1500 retur.
304 1462 527 1514 Denique,
560 1477 688 1516 quum
717 1463 889 1501 Charon
919 1461 1044 1501 modo
1075 1462 1126 1501 de
1159 1461 1381 1500 Mercurio
1414 1463 1586 1498 locutus

116 1517 197 1565 sit,
238 1516 505 1556 scribendum
537 1527 648 1558 certe
685 1530 792 1557 erat:
844 1520 989 1560 {zei-cot
1017 1515 1157 1574 κᾴγω
1190 1535 1311 1571 πανγε
1296 1519 1403 1558 lamec
1437 1514 1512 1565 ἂν,
1554 1508 1588 1556 αἶ

114 1570 262 1627 Ερμῆ,
293 1575 464 1625 ἔτασχον
484 1584 563 1613 etc.
595 1589 679 1627 quo
703 1575 907 1613 transitus
940 1575 992 1613 ad
1013 1578 1136 1614 aliam
1167 1588 1388 1626 personam
1409 1571 1586 1640 signifi-

117 1640 291 1669 caretur.
355 1631 485 1668 Dixit
505 1646 605 1685 ergo
620 1631 826 1670 Charon’
814 1632 954 1684 ε’,τασχε
941 1649 992 1679 ς,
1016 1642 1057 1670 et
1076 1631 1202 1670 verba
1223 1627 1407 1683 κατάγειν
1429 1638 1470 1667 et
1488 1624 1586 1668 ἀνά-

116 1703 199 1741 γειν
217 1686 268 1726 de
289 1686 451 1737 duplici
470 1687 678 1725 Mercurii
702 1688 924 1739 provincia
947 1687 1182 1733 intellexit,
1215 1689 1346 1724 altera
1370 1683 1587 1723 deducendi

118 1743 277 1782 umbras
309 1742 363 1781 acl
389 1743 559 1797 infer-,os
594 1746 721 1781 altera
760 1757 882 1793 vero,
916 1743 1126 1796 siquidem
1158 1741 1354 1780 homines
1386 1742 1457 1779 isti
1486 1754 1587 1778 vera

119 1800 381 1848 statuissent,
405 1798 459 1836 αιὶ
478 1815 589 1852 supe1
592 1815 633 1838 os
651 1798 873 1838 reducendi.
939 1798 1066 1853 Quod
1086 1799 1146 1837 sic
1167 1797 1325 1836 dicitur
1339 1796 1587 1836 Mercurius

120 1852 193 1895 οὐκ
214 1851 324 1909 ὀλιγα
344 1854 442 1907 πρά)
444 1872 528 1906 ματ
568 1856 687 1907 ἔχων,
718 1855 809 1905 ipse
838 1855 1076 1894 adtestatur
1099 1854 1360 1893 miserrimus
1393 1854 1587 1893 omnium

112 1910 286 1949 deorum
309 1911 441 1949 Diall.
461 1912 595 1951 Deor.
617 1911 776 1951 XXIV.
833 1912 991 1951 LEHM.

228 1967 330 2006 Ead.
362 1971 388 2005 1.
411 1972 449 2009 7.
490 1965 677 2008 Kozzaccv'
709 1964 838 2019 οιιῶς)
878 1967 1058 2006 Pa1odia
1087 1982 1139 2006 ex
1170 1966 1237 2006 his
1272 1967 1441 2004 Homeri
1468 1965 1518 2003 11.
1547 1964 1586 2003 It

119 2028 216 2068 319.
238 2023 450 2062 versibus:
478 2019 550 2064 Ev
575 2025 617 2065 δὲ
636 2026 678 2080 ιῆ
694 2028 786 2080 τιμή
810 2023 909 2076 ἠμὲν
927 2023 1070 2073 κακὸς,
1103 2019 1174 2074 ἥὸὲ
1195 2023 1262 2064 καὶ
1281 2020 1449 2071 ἐσθλός,
1479 2019 1589 2062 Κάτ-

122 2077 222 2122 θαν’
250 2077 420 2132 ὁμῶς-ό,
450 2077 484 2120 τ’
509 2079 552 2121 ἄε
538 2077 788 2134 εογοςανήο,
820 2079 856 2130 0',
889 2098 929 2122 τε
951 2078 1115 2122 πολλα’
1099 2078 1258 2134 εοργώς.
1288 2079 1431 2117 Bnon.
1493 2077 1589 2117 Ho-

120 2154 213 2176 mer.
238 2136 397 2187 Odyss.
429 2137 606 2176 Bounn.
667 2137 760 2174 Hos
781 2151 852 2175 sex
879 2152 1021 2176 versus
1048 2137 1146 2175 Luc‘
1134 2153 1245 2175 zanus
1269 2149 1320 2174 ex
1344 2134 1472 2174 variis
1495 2133 1590 2173 Ho-

117 2196 214 2232 meri
236 2194 342 2231 locis
365 2191 676 2261 παρῳὸουμενος
698 2193 934 2233 contexuit.
970 2194 1146 2232 GnAnv.

234 2249 335 2289 Ibicl
376 2247 534 2300 Έλλαχε
546 2248 562 2304 )
608 2250 677 2287 Ex
712 2248 886 2289 Ifommo
926 2249 1035 2287 hanc
1066 2263 1211 2287 vocem
1241 2246 1586 2287 emaculavimus.

119 2305 225 2346 Vid.
253 2306 287 2352 I,
311 2311 408 2350 319.
430 2305 544 2344 unde
568 2305 834 2357 potissimum
853 2305 896 2343 hi
917 2315 1117 2343 centones
1141 2304 1441 2344 consarcinati.
1472 2304 1523 2343 Β.
1547 2309 1586 2347 2.

125 2372 167 2401 et
190 2362 282 2401 Par.
306 2374 419 2401 recte
435 2364 587 2414 ἔλιαχε,
620 2371 667 2399 ut
687 2360 911 2400 edidimus
957 2362 1044 2400 SOL
1050 2376 1123 2399 w·

234 2417 335 2458 Ead.
356 2422 382 2457 l
406 2423 443 2461 9.
473 2417 542 2460 Ἐν
577 2414 614 2459 δ’
650 2420 716 2473 ἰῇ)
749 2417 1039 2456 Consentiunt
1068 2415 1163 2456 edd.
1197 2425 1386 2456 nostrae:
1420 2415 1463 2454 in
1487 2416 1588 2456 Ho—

123 2491 226 2513 mero
247 2475 457 2514 Barna-ius
487 2474 604 2513 dedit
623 2469 752 2515 Ε’νὸὲ
785 2476 848 2529 ι’ῆ,
881 2488 1080 2526 quonian}
1113 2472 1240 2510 istius
1259 2476 1436 2512 voculae
1454 2476 1587 2526 sylla-

125 2531 219 2570 bam
243 2531 416 2582 primam
436 2536 564 2584 poeta
587 2544 801 2583 nunquam
824 2530 1035 2583 Ριῃοᾶιιείτ
1071 2531 1253 2568 mesr.

239 2587 343 2626 Eatl.
366 2590 392 2625 l·
416 2594 480 2630 21.
508 2586 706 2654 Ἀμενηνα
730 2585 909 2640 καυηνα)
944 2585 1095 2636 Odyss.
1123 2591 1178 2633 K,
1204 2590 1298 2630 521·
1333 2586 1477 2628 Bnoo.

240 2642 344 2684 Εαᾶ
368 2646 395 2682 l·
421 2650 487 2688 12.
522 2644 626 2686 Κατ’
651 2638 959 2698 άσφοὸελὸνλ)
992 2642 1073 2682 Od.
1096 2649 1159 2693 A,
1182 2647 1278 2688 538
1304 2647 1398 2688 572
1445 2642 1589 2681 BROD·
