1781 3174
438 235 509 267 IN
580 234 662 266 DF.
733 234 1216 269 SACRIFICIIS.
1455 232 1554 280 483

91 333 248 390 quendi
271 333 437 374 ratione
465 331 644 382 dicitur,
677 340 720 371 et
746 331 902 385 passim
933 332 1132 375 similiter
1159 336 1473 393 frequentatur,
1506 358 1553 382 ac

88 394 130 440 ἐς
152 393 313 440 Οἰνέως.
373 388 457 430 Sed
475 388 556 426 hoc
577 387 648 426 hic
670 389 914 443 requiritur.
977 392 1231 446 Saepissime
1249 394 1456 437 Lucianns
1470 399 1552 439 hoo

87 449 279 498 elliptico
301 447 427 485 modo
448 445 609 494 utitur,
639 454 688 483 ut
706 447 748 486 ἕν
769 462 877 493 τινος
896 449 974 487 τῶν
998 450 1212 502 γραφέων,
1244 452 1285 489 in
1298 454 1466 504 pictoris
1484 472 1550 495 cn-

77 505 238 558 jusdam
260 503 397 553 domo,
429 502 473 540 in
495 501 688 541 Zeuxide
708 516 744 542 c.
764 508 801 546 3.
835 503 878 543 ἐν
892 497 1207 557 Ἀρισταινέτου,
1250 507 1380 547 initio
1411 511 1551 563 Lapi-

82 561 249 598 tharum
264 564 276 599 ε’
305 561 348 601 ἐν
368 554 697 611 φαρμακοπώλου
717 558 833 597 alibi.
891 559 1089 600 Aelianus
1111 577 1282 616 quoque
1300 564 1358 603 ita
1378 568 1549 618 passim.

81 617 152 655 Sic
173 630 247 668 per
266 618 342 665 εἰς,
375 626 422 654 ut
441 616 584 654 Noster
603 614 647 651 in
670 614 938 654 Hermotimo
959 631 994 654 c·
1019 622 1086 661 82.
1127 621 1168 667 ἐς
1197 618 1442 664 διδασκάλου
1458 636 1467 645 ·
1501 625 1547 664 in

77 673 294 726 Apologia
316 687 349 712 c.
372 677 411 716 4.
445 674 522 719 Εἰς
556 673 756 712 πλουσίου
779 668 901 720 τινός.
963 673 1035 713 Sic
1064 675 1283 727 Aelianus,
1321 679 1471 730 ἐφοίτα,
1493 684 1550 731 εἰς

75 731 262 782 Λαμίας,
295 731 351 777 εἰς
376 728 643 777 Πανδοκέως,
675 729 730 776 εἰς
743 723 970 783 Ἀρχελάου.
1030 730 1099 768 Sic
1127 731 1248 772 Plato
1278 734 1322 771 in
1357 728 1548 790 Sympo-

77 786 165 833 sio,
198 787 262 826 ἐπὶ
286 788 450 827 δεῖπνον
473 787 528 832 εἰς
539 781 788 838 Ἀγάθωνος.
846 786 1157 839 Aristophanes,
1191 791 1234 830 ἐκ
1254 794 1545 845 Πατροκλέους.

75 841 158 884 Sed
178 841 287 880 hanc
311 841 521 895 loquendi
545 841 723 878 formam
751 840 862 892 apud
885 842 1095 893 Graecos,
1129 853 1176 882 ut
1211 854 1252 884 et
1278 847 1392 899 apud
1410 849 1545 888 Lati-

73 913 168 948 nos,
201 899 417 946 usitatam,
452 907 550 936 ante
569 910 644 934 nos
667 895 824 935 dudum
848 897 1127 938 observarunt
1149 901 1415 942 eruditorum
1439 909 1545 945 mul-

72 957 122 996 ti.
154 956 277 996 JENS.
338 953 436 994 Vid.
462 952 574 994 Suicl.
600 954 671 1003 (ἐν
693 950 825 1008 ᾅδου)
845 954 918 992 ubi
940 953 1150 1006 observat,
1182 957 1341 997 Atticis
1363 975 1451 999 non
1475 962 1542 1000 in-

71 1014 273 1065 frequens
293 1026 406 1059 esse,
442 1023 491 1049 ut
515 1013 571 1065 τῷ
593 1011 635 1051 ἐν
664 1019 841 1047 utantur
859 1025 936 1061 pro
956 1013 1024 1058 εἰς.
1085 1012 1214 1066 Apud
1232 1015 1543 1070 Aristophanem

71 1078 210 1108 tamen
232 1082 274 1121 p.
297 1083 351 1107 m.
376 1072 468 1111 178.
493 1067 615 1118 (sive
639 1069 780 1107 ΝΕΦ.
805 1068 931 1118 969.)
954 1070 1059 1108 male
1078 1069 1185 1124 legit
1216 1071 1257 1111 ἔν
1273 1075 1541 1127 παιδοτρίβου

67 1128 315 1179 βαδίζοντας.
375 1124 428 1162 In
460 1122 618 1163 nostris
650 1122 832 1172 rectius,
870 1126 1122 1173 καθίζοντας.
1165 1126 1333 1166 SOLAN.
1393 1129 1539 1171 Etiam

65 1181 223 1220 Dukcro
250 1179 300 1218 ad
329 1181 453 1220 leuc.
478 1194 517 1232 p.
538 1184 635 1221 242.
662 1188 704 1216 et
724 1179 945 1219 Abresclzz'o
966 1180 1142 1220 Dilucc.
1162 1181 1298 1225 Thuc,
1320 1198 1416 1239 pag.
1440 1192 1539 1231 417,

66 1237 334 1277 scribendum
355 1236 527 1274 videtur
543 1236 584 1283 ἐς
609 1235 784 1283 Οἰνέως,
819 1246 860 1275 et
881 1250 1023 1275 revera
1044 1240 1101 1286 εἰς
1116 1239 1327 1290 reperitur
1345 1242 1390 1279 in
1412 1247 1538 1287 2954,

62 1293 360 1333 Nihilominus
392 1291 622 1331 retinebam
652 1292 705 1332 ἐν.
766 1291 922 1345 Cogita
951 1295 1299 1347 πεπορευμένους,
1338 1300 1407 1350 qui
1431 1315 1538 1352 pro„

51 1352 161 1408 jecti
179 1360 290 1398 sunt,
323 1360 440 1402 atque
463 1347 561 1387 adeo
578 1350 667 1401 jam
694 1359 897 1386 versantur
925 1350 967 1386 in
998 1364 1041 1387 eo
1077 1350 1190 1401 loco,
1230 1367 1307 1405 quo
1334 1353 1535 1397 abierant,-

63 1417 105 1445 et
124 1420 210 1444 non
231 1407 335 1443 male
355 1403 611 1456 respondere
635 1402 719 1441 sibi
739 1402 907 1442 videbis
929 1405 971 1445 ἐν
982 1409 1048 1461 ,τῷ
1067 1404 1234 1463 οὐρανῷ
1252 1418 1294 1447 et
1313 1410 1354 1449 ἐν
1370 1412 1533 1460 Οἰνέως.

59 1462 206 1516 Magis
244 1460 427 1501 offendit
457 1460 501 1498 in
536 1459 745 1513 Ocypode
773 1473 811 1498 v.
846 1462 937 1503 105.
969 1460 1097 1513 ἦλθεν
1128 1486 1181 1492 -.
1213 1465 1255 1506 ἐν
1284 1461 1445 1518 δόμοις,
1481 1468 1532 1508 de

58 1533 143 1574 quo
176 1529 316 1558 tamen
349 1531 426 1555 suo
459 1519 569 1555 loco.
642 1516 791 1555 Suislae
815 1527 1110 1569 praeceptum,
1156 1519 1285 1558 modo
1326 1535 1349 1559 a
1380 1523 1531 1564 Solam)

57 1582 456 1623 commemoratum,
489 1572 660 1611 Atticos
680 1573 746 1611 uti
776 1573 820 1613 ἐν
836 1586 914 1626 pro
944 1575 1023 1624 εἰς,
1054 1574 1168 1614 nihil
1200 1575 1330 1616 habet
1355 1591 1435 1619 nec
1456 1594 1531 1619 ra·-

54 1632 212 1680 tionis,
246 1645 323 1670 nec
344 1629 527 1669 termini.
567 1630 726 1668 LEHM.

165 1688 261 1742 Pag.
283 1689 399 1730 76.1.
424 1691 464 1730 4.
486 1684 582 1727 ἻΙν
622 1688 676 1729 ἐν
714 1682 849 1742 ἀρχῇ
886 1691 975 1739 τῆς
999 1683 1232 1741 Ὀμήρου
1263 1688 1539 1743 ποιήσεως

51 1743 185 1796 πρὸς
216 1742 380 1785 αὐτὸν
409 1742 778 1794 ἐπεδείξαντο]
821 1743 949 1795 Quod
974 1758 1048 1795 pro
1073 1754 1281 1795 postrema
1303 1761 1409 1787 voce
1435 1747 1523 1788 duo

49 1801 310 1840 Parisienses
330 1799 537 1839 exhibent
560 1797 820 1851 ἐποιήσαντο,
853 1799 896 1836 in
924 1813 974 1837 eo
998 1800 1111 1838 nihil
1132 1809 1192 1839 est
1209 1815 1285 1853 per
1304 1816 1370 1852 se,
1405 1804 1523 1857 quod

48 1857 294 1908 vituperes:
325 1855 440 1907 χάριν
463 1855 574 1894 enim
595 1860 800 1897 ποιεῖσθαι
820 1869 952 1907 aeque
971 1855 1173 1908 probum,
1207 1872 1253 1895 ac
1272 1862 1520 1911 χαρίζεσθαι,

49 1923 92 1953 et
126 1923 354 1966 utrumque
385 1912 473 1950 fere
502 1911 687 1962 ejusdem
719 1911 956 1963 potestatis.
1019 1911 1161 1965 Quum
1193 1912 1327 1967 igitur
1356 1915 1521 1955 Belinus

49 1966 288 2021 ἐποιήσαντο
307 1971 434 2006 minus
458 1967 548 2005 hene
566 1967 724 2005 dictum
749 1977 892 2018 putat,
924 1981 1012 2006 non
1034 1982 1108 2020 per
1128 1983 1170 2007 se
1189 1968 1396 2021 judicium
1434 1971 1518 2013 hoc

48 2029 190 2064 valere
209 2035 375 2078 potest,
409 2023 480 2061 sed
506 2023 631 2075 hujus
661 2023 748 2061 loci
768 2023 905 2062 nostri
937 2024 1102 2063 ratione
1127 2023 1294 2074 habita,
1329 2027 1398 2065 cui
1421 2043 1518 2066 ma-

48 2082 113 2136 gis
138 2081 342 2119 convenit
365 2082 668 2121 ἐπιδείκνυσθαι
682 2077 814 2132 χάριν,
846 2078 897 2118 de
920 2079 1230 2132 Aethiopibus,
1267 2084 1513 2123 ostentandi

47 2152 190 2176 caussa
209 2138 359 2178 ,lovem
384 2147 629 2188 ceterosque
660 2137 777 2174 Deos
806 2136 1052 2173 lautissimis
1084 2136 1314 2176 duodecim
1346 2137 1511 2179 dierum

45 2194 183 2246 epulis
223 2192 553 2246 excipientibus.
616 2192 751 2231 Voces
784 2201 922 2230 autem
958 2191 1200 2245 interjectas
1235 2195 1276 2235 ἐν
1309 2190 1414 2251 ἀρχῇ
1441 2202 1513 2248 τῆς

41 2246 126 2301 Ὁμ.
152 2267 194 2290 π.
228 2260 339 2289 recte
362 2248 564 2288 odoratus
596 2259 658 2287 est
681 2247 950 2287 Schmiedcrus
980 2249 1148 2299 spuriae
1180 2263 1266 2289 esse
1299 2251 1505 2304 originis,

46 2305 159 2360 quod
195 2309 260 2345 vel
291 2306 394 2344 hinc
424 2314 562 2358 patet,
598 2314 644 2343 ut
678 2304 769 2356 ipse
796 2314 941 2342 monet
969 2304 1120 2354 Solimi„
1154 2305 1268 2357 quod
1302 2306 1344 2344 in
1372 2307 1506 2347 tribus

45 2362 182 2402 codd.
203 2363 441 2402 Pronomen
462 2359 513 2413 ἣν
536 2360 798 2412 ineptissime
816 2391 825 2407 ,
857 2358 1201 2413 quandoquidem
1226 2361 1296 2400 illa
1318 2364 1504 2415 genuina

43 2430 206 2467 essent,
240 2424 522 2472 (quamquam
550 2417 690 2455 Belino
718 2430 836 2454 secus
868 2416 1035 2467 visum)
1068 2427 1166 2470 post
1197 2417 1396 2470 ποιήσεως
1425 2419 1503 2459 de-

43 2489 155 2511 mum
180 2478 430 2513 collocatum
464 2474 685 2525 reperitur.
748 2473 900 2511 Verum
926 2483 965 2510 et
988 2472 1038 2509 ab
1072 2473 1277 2511 orationis
1302 2476 1436 2513 forma
1459 2486 1502 2515 et

43 2539 250 2569 structura
272 2532 409 2569 minus
435 2533 614 2582 placent.
679 2527 801 2567 Unde
826 2538 866 2565 et
886 2542 962 2566 nos
986 2542 1031 2566 ea
1053 2542 1128 2580 pro
1153 2531 1358 2580 suspectis
1380 2541 1500 2571 nota-

41 2586 194 2625 ·virnus·
238 2588 401 2625 Locum
427 2587 593 2625 Homeri
615 2599 737 2623 nemo
761 2584 886 2621 facile
909 2585 1068 2622 nesciat
1091 2585 1173 2637 legi
1198 2585 1322 2625 Iliad.
1345 2588 1386 2636 I,
1403 2592 1497 2632 423,

40 2656 101 2695 sq.
177 2642 369 2681 Ceterum
401 2642 695 2696 interpretatio
736 2640 896 2678 Latina
925 2643 1068 2691 paullo
1101 2641 1278 2679 liberior
1309 2653 1396 2683 est:
1437 2645 1497 2682 ita

42 2698 331 2738 instruendam
351 2699 477 2737 fuisse
507 2699 708 2736 arbitror:
739 2721 796 2726 —-
824 2700 859 2734 si
878 2698 1050 2749 gratiam
1070 2700 1117 2735 iis
1137 2697 1355 2737 recordetur
1375 2700 1498 2753 Jupim

42 2765 97 2792 rer
113 2785 123 2801 ‚
157 2771 272 2809 quam
295 2757 370 2807 ipsi
385 2755 652 2794 coelzihuerunt.
684 2756 838 2793 LEnM.

1075 2808 1160 2847 Hb
1196 2816 1222 2853 ρ
