<?xml version="1.0" encoding="UTF-8"?>
<!DOCTYPE html PUBLIC "-//W3C//DTD XHTML 1.0 Transitional//EN"
    "http://www.w3.org/TR/xhtml1/DTD/xhtml1-transitional.dtd">
<html xmlns="http://www.w3.org/1999/xhtml" xml:lang="en" lang="en">
 <head>
  <title>
</title>
<meta http-equiv="Content-Type" content="text/html;charset=utf-8" />
  <meta name='ocr-system' content='tesseract 3.04.00' />
  <meta name='ocr-capabilities' content='ocr_page ocr_carea ocr_par ocr_line ocrx_word'/>
</head>
<body>
  <div class='ocr_page' id='page_1' title='image "./operagraeceetlat03luciuoft_0554.png"; bbox 0 0 1781 3174; ppageno 0'>
   <div class='ocr_carea' id='block_1_1' title="bbox 193 206 1306 255">
    <p class='ocr_par' dir='ltr' id='par_1_1' title="bbox 193 206 1306 255">
     <span class='ocr_line' id='line_1_1' title="bbox 193 206 1306 255; baseline -0.01 0"><span class='ocrx_word' id='word_1_1' title='bbox 193 206 297 255; x_wconf 80' lang='lat'><strong>516</strong></span> <span class='ocrx_word' id='word_1_2' title='bbox 552 211 1306 246; x_wconf 70' lang='lat' dir='ltr'>ADNOTATIONES</span> 
     </span>
    </p>
   </div>
   <div class='ocr_carea' id='block_1_2' title="bbox 193 309 1671 1042">
    <p class='ocr_par' dir='ltr' id='par_1_2' title="bbox 193 309 1671 1042">
     <span class='ocr_line' id='line_1_2' title="bbox 193 309 1660 372; baseline -0.008 -9"><span class='ocrx_word' id='word_1_3' title='bbox 193 322 394 372; x_wconf 75' lang='grc' dir='ltr'><em>κουρῆσαι</em></span> <span class='ocrx_word' id='word_1_4' title='bbox 421 312 616 368; x_wconf 79' lang='grc' dir='ltr'><em>δεομένῳ,</em></span> <span class='ocrx_word' id='word_1_5' title='bbox 654 312 909 364; x_wconf 75' lang='grc' dir='ltr'><strong><em>παρανομία,</em></strong></span> <span class='ocrx_word' id='word_1_6' title='bbox 949 311 1014 352; x_wconf 77' lang='grc' dir='ltr'><strong>καὶ</strong></span> <span class='ocrx_word' id='word_1_7' title='bbox 1052 309 1263 360; x_wconf 74' lang='grc' dir='ltr'><em>κατάλυσις</em></span> <span class='ocrx_word' id='word_1_8' title='bbox 1289 315 1368 353; x_wconf 72' lang='grc' dir='ltr'><strong>τῶν</strong></span> <span class='ocrx_word' id='word_1_9' title='bbox 1398 314 1530 364; x_wconf 71' lang='grc' dir='ltr'><em>ἐθῶν,</em></span> <span class='ocrx_word' id='word_1_10' title='bbox 1561 315 1660 367; x_wconf 79' lang='lat' dir='ltr'><strong>plus</strong></span> 
     </span>
     <span class='ocr_line' id='line_1_3' title="bbox 198 366 1661 431; baseline -0.004 -22"><span class='ocrx_word' id='word_1_11' title='bbox 198 377 252 417; x_wconf 71' lang='lat' dir='ltr'><strong>ad</strong></span> <span class='ocrx_word' id='word_1_12' title='bbox 273 373 417 431; x_wconf 68' lang='grc' dir='ltr'><em>ἀρχῆς,</em></span> <span class='ocrx_word' id='word_1_13' title='bbox 450 384 573 426; x_wconf 89' lang='lat' dir='ltr'><strong>quam</strong></span> <span class='ocrx_word' id='word_1_14' title='bbox 596 366 647 407; x_wconf 85' lang='lat' dir='ltr'><strong>ad</strong></span> <span class='ocrx_word' id='word_1_15' title='bbox 669 366 830 422; x_wconf 72' lang='grc' dir='ltr'><em>ἀρετῆς,</em></span> <span class='ocrx_word' id='word_1_16' title='bbox 858 367 1233 407; x_wconf 78' lang='lat' dir='ltr'><strong>commendandum</strong></span> <span class='ocrx_word' id='word_1_17' title='bbox 1259 369 1484 410; x_wconf 86' lang='lat' dir='ltr'><strong>manifesto</strong></span> <span class='ocrx_word' id='word_1_18' title='bbox 1508 369 1661 408; x_wconf 86' lang='lat' dir='ltr'><strong>confe-</strong></span> 
     </span>
     <span class='ocr_line' id='line_1_4' title="bbox 197 422 1661 479; baseline -0.005 -11"><span class='ocrx_word' id='word_1_19' title='bbox 197 442 312 475; x_wconf 77' lang='lat' dir='ltr'><strong>runt,</strong></span> <span class='ocrx_word' id='word_1_20' title='bbox 371 431 462 469; x_wconf 89' lang='lat' dir='ltr'><strong>Imo</strong></span> <span class='ocrx_word' id='word_1_21' title='bbox 487 424 656 479; x_wconf 72' lang='grc' dir='ltr'><strong>ἄρχοντα</strong></span> <span class='ocrx_word' id='word_1_22' title='bbox 687 439 730 463; x_wconf 86' lang='lat' dir='ltr'><strong>se</strong></span> <span class='ocrx_word' id='word_1_23' title='bbox 761 422 978 478; x_wconf 82' lang='lat' dir='ltr'><strong>praedicat</strong></span> <span class='ocrx_word' id='word_1_24' title='bbox 1008 425 1230 478; x_wconf 82' lang='lat' dir='ltr'><strong>Diogenes</strong></span> <span class='ocrx_word' id='word_1_25' title='bbox 1258 425 1418 478; x_wconf 76' lang='lat' dir='ltr'><strong>pariter</strong></span> <span class='ocrx_word' id='word_1_26' title='bbox 1437 441 1484 465; x_wconf 78' lang='lat' dir='ltr'><strong>ac</strong></span> <span class='ocrx_word' id='word_1_27' title='bbox 1501 425 1661 465; x_wconf 82' lang='lat' dir='ltr'>Timon</span> 
     </span>
     <span class='ocr_line' id='line_1_5' title="bbox 202 476 1665 539; baseline -0.001 -15"><span class='ocrx_word' id='word_1_28' title='bbox 202 491 305 539; x_wconf 80' lang='lat' dir='ltr'><strong>iste,</strong></span> <span class='ocrx_word' id='word_1_29' title='bbox 338 496 379 527; x_wconf 85' lang='lat' dir='ltr'><strong>et</strong></span> <span class='ocrx_word' id='word_1_30' title='bbox 402 483 571 538; x_wconf 66' lang='grc' dir='ltr'>ἄρχοντα</span> <span class='ocrx_word' id='word_1_31' title='bbox 602 479 793 534; x_wconf 86' lang='lat' dir='ltr'><strong>quidem,</strong></span> <span class='ocrx_word' id='word_1_32' title='bbox 825 490 876 518; x_wconf 91' lang='lat' dir='ltr'><strong>ut</strong></span> <span class='ocrx_word' id='word_1_33' title='bbox 907 483 1049 532; x_wconf 86' lang='lat' dir='ltr'><strong>paullo</strong></span> <span class='ocrx_word' id='word_1_34' title='bbox 1079 491 1175 520; x_wconf 91' lang='lat' dir='ltr'><strong>ante</strong></span> <span class='ocrx_word' id='word_1_35' title='bbox 1199 481 1353 520; x_wconf 83' lang='lat' dir='ltr'><strong>diserte</strong></span> <span class='ocrx_word' id='word_1_36' title='bbox 1378 482 1564 531; x_wconf 82' lang='lat' dir='ltr'><strong>dixerat,</strong></span> <span class='ocrx_word' id='word_1_37' title='bbox 1598 476 1665 523; x_wconf 78' lang='grc' dir='ltr'><strong>εὖ·</strong></span> 
     </span>
     <span class='ocr_line' id='line_1_6' title="bbox 201 535 1662 599; baseline -0.008 -11"><span class='ocrx_word' id='word_1_38' title='bbox 201 544 504 599; x_wconf 77' lang='grc' dir='ltr'><em>δαιμονὲστερυν</em></span> <span class='ocrx_word' id='word_1_39' title='bbox 524 542 599 579; x_wconf 84' lang='grc' dir='ltr'><strong>τοῦ</strong></span> <span class='ocrx_word' id='word_1_40' title='bbox 619 536 787 592; x_wconf 78' lang='grc' dir='ltr'><em>μεγάλου</em></span> <span class='ocrx_word' id='word_1_41' title='bbox 805 538 1015 591; x_wconf 80' lang='grc' dir='ltr'><em>βασιλέως,</em></span> <span class='ocrx_word' id='word_1_42' title='bbox 1045 535 1175 590; x_wconf 87' lang='lat' dir='ltr'><strong>idque</strong></span> <span class='ocrx_word' id='word_1_43' title='bbox 1199 553 1284 576; x_wconf 88' lang='lat' dir='ltr'><strong>non</strong></span> <span class='ocrx_word' id='word_1_44' title='bbox 1307 548 1483 590; x_wconf 75' lang='lat' dir='ltr'><strong>temere,</strong></span> <span class='ocrx_word' id='word_1_45' title='bbox 1516 552 1662 593; x_wconf 81' lang='lat' dir='ltr'><strong>quum,</strong></span> 
     </span>
     <span class='ocr_line' id='line_1_7' title="bbox 202 592 1664 648; baseline -0.006 -7"><span class='ocrx_word' id='word_1_46' title='bbox 202 602 272 640; x_wconf 89' lang='lat' dir='ltr'><strong>cui</strong></span> <span class='ocrx_word' id='word_1_47' title='bbox 306 614 392 638; x_wconf 88' lang='lat' dir='ltr'><strong>non</strong></span> <span class='ocrx_word' id='word_1_48' title='bbox 421 597 674 648; x_wconf 83' lang='lat' dir='ltr'><strong>imperetur,</strong></span> <span class='ocrx_word' id='word_1_49' title='bbox 709 594 744 632; x_wconf 90' lang='lat' dir='ltr'><strong>is</strong></span> <span class='ocrx_word' id='word_1_50' title='bbox 779 597 871 646; x_wconf 85' lang='lat' dir='ltr'><strong>jure</strong></span> <span class='ocrx_word' id='word_1_51' title='bbox 904 593 1107 646; x_wconf 82' lang='lat' dir='ltr'><strong>imperare</strong></span> <span class='ocrx_word' id='word_1_52' title='bbox 1140 592 1317 634; x_wconf 84' lang='lat' dir='ltr'><strong>dicatur.</strong></span> <span class='ocrx_word' id='word_1_53' title='bbox 1377 595 1470 636; x_wconf 87' lang='lat' dir='ltr'><strong>Jam</strong></span> <span class='ocrx_word' id='word_1_54' title='bbox 1503 595 1554 634; x_wconf 91' lang='lat' dir='ltr'><strong>de</strong></span> <span class='ocrx_word' id='word_1_55' title='bbox 1578 594 1664 633; x_wconf 81' lang='lat' dir='ltr'><strong>hoc</strong></span> 
     </span>
     <span class='ocr_line' id='line_1_8' title="bbox 202 649 1667 710; baseline -0.007 -13"><span class='ocrx_word' id='word_1_56' title='bbox 202 655 383 710; x_wconf 86' lang='lat' dir='ltr'><strong>imperio</strong></span> <span class='ocrx_word' id='word_1_57' title='bbox 406 666 482 691; x_wconf 89' lang='lat' dir='ltr'><strong>suo</strong></span> <span class='ocrx_word' id='word_1_58' title='bbox 505 660 645 689; x_wconf 86' lang='lat' dir='ltr'><strong>actum</strong></span> <span class='ocrx_word' id='word_1_59' title='bbox 667 651 721 688; x_wconf 82' lang='lat' dir='ltr'><strong>iri</strong></span> <span class='ocrx_word' id='word_1_60' title='bbox 743 649 941 696; x_wconf 85' lang='lat' dir='ltr'><strong>affirmat,</strong></span> <span class='ocrx_word' id='word_1_61' title='bbox 974 649 1049 687; x_wconf 86' lang='lat' dir='ltr'><strong>ubi</strong></span> <span class='ocrx_word' id='word_1_62' title='bbox 1070 650 1157 688; x_wconf 86' lang='lat' dir='ltr'><strong>vita</strong></span> <span class='ocrx_word' id='word_1_63' title='bbox 1179 650 1372 689; x_wconf 86' lang='lat' dir='ltr'><strong>solitaria</strong></span> <span class='ocrx_word' id='word_1_64' title='bbox 1393 652 1542 691; x_wconf 86' lang='lat' dir='ltr'><strong>relicta</strong></span> <span class='ocrx_word' id='word_1_65' title='bbox 1563 650 1667 689; x_wconf 85' lang='lat' dir='ltr'><strong>ami-</strong></span> 
     </span>
     <span class='ocr_line' id='line_1_9' title="bbox 205 706 1663 762; baseline -0.003 -12"><span class='ocrx_word' id='word_1_66' title='bbox 205 728 300 761; x_wconf 82' lang='lat' dir='ltr'><strong>cos,</strong></span> <span class='ocrx_word' id='word_1_67' title='bbox 334 708 603 762; x_wconf 86' lang='lat' dir='ltr'><strong>hospitesve‚</strong></span> <span class='ocrx_word' id='word_1_68' title='bbox 636 706 862 746; x_wconf 85' lang='lat' dir='ltr'><strong>admiserit.</strong></span> <span class='ocrx_word' id='word_1_69' title='bbox 924 706 993 745; x_wconf 86' lang='lat' dir='ltr'><strong>Sic</strong></span> <span class='ocrx_word' id='word_1_70' title='bbox 1024 720 1223 760; x_wconf 87' lang='lat' dir='ltr'><strong>apparere</strong></span> <span class='ocrx_word' id='word_1_71' title='bbox 1249 717 1381 759; x_wconf 89' lang='lat' dir='ltr'><strong>puto,</strong></span> <span class='ocrx_word' id='word_1_72' title='bbox 1414 711 1527 747; x_wconf 84' lang='lat' dir='ltr'><strong>salva</strong></span> <span class='ocrx_word' id='word_1_73' title='bbox 1559 720 1663 756; x_wconf 87' lang='lat' dir='ltr'><strong>esse,</strong></span> 
     </span>
     <span class='ocr_line' id='line_1_10' title="bbox 205 761 1668 823; baseline -0.005 -15"><span class='ocrx_word' id='word_1_74' title='bbox 205 783 312 823; x_wconf 86' lang='lat' dir='ltr'><strong>quae</strong></span> <span class='ocrx_word' id='word_1_75' title='bbox 335 769 555 821; x_wconf 78' lang='lat' dir='ltr'><strong>leguntur,</strong></span> <span class='ocrx_word' id='word_1_76' title='bbox 585 762 735 811; x_wconf 79' lang='lat' dir='ltr'><strong>verba,</strong></span> <span class='ocrx_word' id='word_1_77' title='bbox 770 761 896 801; x_wconf 88' lang='lat' dir='ltr'><strong>modo</strong></span> <span class='ocrx_word' id='word_1_78' title='bbox 921 763 965 800; x_wconf 88' lang='lat' dir='ltr'><strong>in</strong></span> <span class='ocrx_word' id='word_1_79' title='bbox 988 769 1109 800; x_wconf 80' lang='lat' dir='ltr'><strong>textu</strong></span> <span class='ocrx_word' id='word_1_80' title='bbox 1129 761 1272 810; x_wconf 84' lang='lat' dir='ltr'><strong>addas,</strong></span> <span class='ocrx_word' id='word_1_81' title='bbox 1307 778 1428 816; x_wconf 90' lang='lat' dir='ltr'><strong>quem</strong></span> <span class='ocrx_word' id='word_1_82' title='bbox 1450 765 1668 815; x_wconf 81' lang='lat' dir='ltr'><strong>Interpres</strong></span> 
     </span>
     <span class='ocr_line' id='line_1_11' title="bbox 203 817 1667 874; baseline -0.006 -9"><span class='ocrx_word' id='word_1_83' title='bbox 203 825 390 866; x_wconf 84' lang='lat' dir='ltr'><strong>Latinus</strong></span> <span class='ocrx_word' id='word_1_84' title='bbox 413 836 466 860; x_wconf 82' lang='lat' dir='ltr'><strong>ex</strong></span> <span class='ocrx_word' id='word_1_85' title='bbox 497 833 574 858; x_wconf 84' lang='lat' dir='ltr'><strong>suo</strong></span> <span class='ocrx_word' id='word_1_86' title='bbox 598 817 786 869; x_wconf 82' lang='lat' dir='ltr'><strong>addidit,</strong></span> <span class='ocrx_word' id='word_1_87' title='bbox 823 819 1073 867; x_wconf 84' lang='lat' dir='ltr'><strong>Genitivum</strong></span> <span class='ocrx_word' id='word_1_88' title='bbox 1100 819 1307 867; x_wconf 86' lang='lat' dir='ltr'><strong>nominis,</strong></span> <span class='ocrx_word' id='word_1_89' title='bbox 1338 823 1539 874; x_wconf 81' lang='lat' dir='ltr'><strong>legasque</strong></span> <span class='ocrx_word' id='word_1_90' title='bbox 1560 817 1667 857; x_wconf 88' lang='lat' dir='ltr'><strong>adeo</strong></span> 
     </span>
     <span class='ocr_line' id='line_1_12' title="bbox 203 874 1670 934; baseline -0.005 -15"><span class='ocrx_word' id='word_1_91' title='bbox 203 887 276 934; x_wconf 80' lang='grc' dir='ltr'><strong>τῆς</strong></span> <span class='ocrx_word' id='word_1_92' title='bbox 297 885 371 932; x_wconf 85' lang='grc' dir='ltr'><strong>σῆς</strong></span> <span class='ocrx_word' id='word_1_93' title='bbox 405 875 541 929; x_wconf 76' lang='grc' dir='ltr'><strong><em>ἀρχῆς.</em></strong></span> <span class='ocrx_word' id='word_1_94' title='bbox 602 874 683 914; x_wconf 85' lang='lat' dir='ltr'><strong>Sed</strong></span> <span class='ocrx_word' id='word_1_95' title='bbox 714 876 955 914; x_wconf 88' lang='lat' dir='ltr'><strong>Pronomen</strong></span> <span class='ocrx_word' id='word_1_96' title='bbox 981 874 1062 913; x_wconf 88' lang='lat' dir='ltr'><strong>hoc</strong></span> <span class='ocrx_word' id='word_1_97' title='bbox 1084 889 1208 927; x_wconf 83' lang='lat' dir='ltr'><strong>saepe</strong></span> <span class='ocrx_word' id='word_1_98' title='bbox 1227 890 1249 913; x_wconf 86' lang='lat' dir='ltr'><strong>a</strong></span> <span class='ocrx_word' id='word_1_99' title='bbox 1267 876 1454 914; x_wconf 83' lang='lat' dir='ltr'><strong>librariis</strong></span> <span class='ocrx_word' id='word_1_100' title='bbox 1478 876 1531 915; x_wconf 90' lang='lat' dir='ltr'><strong>ob</strong></span> <span class='ocrx_word' id='word_1_101' title='bbox 1552 874 1670 913; x_wconf 89' lang='lat' dir='ltr'><strong>simi-</strong></span> 
     </span>
     <span class='ocr_line' id='line_1_13' title="bbox 203 930 1671 989; baseline -0.005 -13"><span class='ocrx_word' id='word_1_102' title='bbox 203 941 285 977; x_wconf 87' lang='lat' dir='ltr'><strong>lem</strong></span> <span class='ocrx_word' id='word_1_103' title='bbox 309 932 600 989; x_wconf 84' lang='lat' dir='ltr'><strong>praecedentis</strong></span> <span class='ocrx_word' id='word_1_104' title='bbox 623 932 806 969; x_wconf 85' lang='lat' dir='ltr'><strong>Articuli</strong></span> <span class='ocrx_word' id='word_1_105' title='bbox 828 934 894 970; x_wconf 91' lang='lat' dir='ltr'><strong>vel</strong></span> <span class='ocrx_word' id='word_1_106' title='bbox 916 945 1090 979; x_wconf 90' lang='lat' dir='ltr'><strong>sonum,</strong></span> <span class='ocrx_word' id='word_1_107' title='bbox 1123 934 1190 970; x_wconf 89' lang='lat' dir='ltr'><strong>vel</strong></span> <span class='ocrx_word' id='word_1_108' title='bbox 1213 930 1408 987; x_wconf 79' lang='lat' dir='ltr'><strong>figuram,</strong></span> <span class='ocrx_word' id='word_1_109' title='bbox 1441 931 1583 972; x_wconf 88' lang='lat' dir='ltr'><strong>omitti</strong></span> <span class='ocrx_word' id='word_1_110' title='bbox 1602 944 1671 970; x_wconf 82' lang='lat' dir='ltr'><strong>so-</strong></span> 
     </span>
     <span class='ocr_line' id='line_1_14' title="bbox 205 987 1448 1042; baseline -0.005 -9"><span class='ocrx_word' id='word_1_111' title='bbox 205 994 353 1042; x_wconf 66' lang='lat' dir='ltr'><strong>litum,</strong></span> <span class='ocrx_word' id='word_1_112' title='bbox 387 988 516 1029; x_wconf 90' lang='lat' dir='ltr'><strong>docui</strong></span> <span class='ocrx_word' id='word_1_113' title='bbox 538 987 589 1026; x_wconf 84' lang='lat' dir='ltr'><strong>ad</strong></span> <span class='ocrx_word' id='word_1_114' title='bbox 610 987 782 1028; x_wconf 89' lang='lat' dir='ltr'><strong>Timon.</strong></span> <span class='ocrx_word' id='word_1_115' title='bbox 811 1002 844 1028; x_wconf 90' lang='lat' dir='ltr'><strong>c.</strong></span> <span class='ocrx_word' id='word_1_116' title='bbox 866 992 937 1032; x_wconf 84' lang='lat'><strong>34.</strong></span> <span class='ocrx_word' id='word_1_117' title='bbox 957 989 1004 1029; x_wconf 85' lang='lat' dir='ltr'><strong>T.</strong></span> <span class='ocrx_word' id='word_1_118' title='bbox 1030 987 1063 1025; x_wconf 86' lang='grc' dir='ltr'><strong>Ι.</strong></span> <span class='ocrx_word' id='word_1_119' title='bbox 1087 1002 1130 1040; x_wconf 88' lang='lat' dir='ltr'><strong>p.</strong></span> <span class='ocrx_word' id='word_1_120' title='bbox 1152 993 1248 1031; x_wconf 81' lang='lat'><strong>436.</strong></span> <span class='ocrx_word' id='word_1_121' title='bbox 1290 989 1448 1028; x_wconf 72' lang='lat' dir='ltr'><strong>me.</strong></span> 
     </span>
    </p>
   </div>
   <div class='ocr_carea' id='block_1_3' title="bbox 206 1064 1678 1683">
    <p class='ocr_par' dir='ltr' id='par_1_3' title="bbox 206 1064 1678 1683">
     <span class='ocr_line' id='line_1_15' title="bbox 319 1064 1674 1123; baseline -0.004 -14"><span class='ocrx_word' id='word_1_122' title='bbox 319 1071 419 1123; x_wconf 79' lang='lat' dir='ltr'><strong><em>Pag.</em></strong></span> <span class='ocrx_word' id='word_1_123' title='bbox 443 1070 587 1111; x_wconf 58' lang='lat'>1021.</span> <span class='ocrx_word' id='word_1_124' title='bbox 613 1072 650 1110; x_wconf 89' lang='lat'><strong>1.</strong></span> <span class='ocrx_word' id='word_1_125' title='bbox 684 1064 757 1108; x_wconf 88' lang='lat' dir='ltr'><strong>&#39;Ev</strong></span> <span class='ocrx_word' id='word_1_126' title='bbox 790 1064 883 1119; x_wconf 73' lang='grc' dir='ltr'><em>ὄψει</em></span> <span class='ocrx_word' id='word_1_127' title='bbox 915 1066 956 1107; x_wconf 80' lang='grc' dir='ltr'><strong>δὲ</strong></span> <span class='ocrx_word' id='word_1_128' title='bbox 985 1064 1173 1119; x_wconf 81' lang='grc' dir='ltr'>πάντων)</span> <span class='ocrx_word' id='word_1_129' title='bbox 1206 1067 1294 1121; x_wconf 83' lang='lat' dir='ltr'><strong>Qui</strong></span> <span class='ocrx_word' id='word_1_130' title='bbox 1319 1067 1423 1106; x_wconf 85' lang='lat' dir='ltr'><strong>haec</strong></span> <span class='ocrx_word' id='word_1_131' title='bbox 1453 1067 1577 1106; x_wconf 85' lang='lat' dir='ltr'><strong>aliter</strong></span> <span class='ocrx_word' id='word_1_132' title='bbox 1600 1074 1674 1104; x_wconf 86' lang='lat' dir='ltr'><strong>aut</strong></span> 
     </span>
     <span class='ocr_line' id='line_1_16' title="bbox 206 1122 1674 1177; baseline -0.007 -7"><span class='ocrx_word' id='word_1_133' title='bbox 206 1136 403 1176; x_wconf 80' lang='lat' dir='ltr'><strong>vertunt,</strong></span> <span class='ocrx_word' id='word_1_134' title='bbox 436 1135 511 1164; x_wconf 87' lang='lat' dir='ltr'><strong>aut</strong></span> <span class='ocrx_word' id='word_1_135' title='bbox 541 1123 814 1177; x_wconf 84' lang='lat' dir='ltr'><strong>intelligunt,</strong></span> <span class='ocrx_word' id='word_1_136' title='bbox 847 1137 934 1162; x_wconf 86' lang='lat' dir='ltr'><strong>non</strong></span> <span class='ocrx_word' id='word_1_137' title='bbox 959 1122 1058 1160; x_wconf 85' lang='lat' dir='ltr'><strong>satis</strong></span> <span class='ocrx_word' id='word_1_138' title='bbox 1083 1138 1285 1163; x_wconf 87' lang='lat' dir='ltr'><strong>memores</strong></span> <span class='ocrx_word' id='word_1_139' title='bbox 1311 1123 1512 1163; x_wconf 87' lang='lat' dir='ltr'><strong>videntur</strong></span> <span class='ocrx_word' id='word_1_140' title='bbox 1530 1122 1674 1175; x_wconf 85' lang='lat' dir='ltr'><strong>Cyni-</strong></span> 
     </span>
     <span class='ocr_line' id='line_1_17' title="bbox 210 1178 1674 1234; baseline -0.005 -9"><span class='ocrx_word' id='word_1_141' title='bbox 210 1199 283 1225; x_wconf 87' lang='lat' dir='ltr'><strong>cae</strong></span> <span class='ocrx_word' id='word_1_142' title='bbox 307 1186 454 1224; x_wconf 86' lang='lat' dir='ltr'><strong>Sectae</strong></span> <span class='ocrx_word' id='word_1_143' title='bbox 480 1180 791 1220; x_wconf 79' lang='lat' dir='ltr'><strong>institutorum.</strong></span> <span class='ocrx_word' id='word_1_144' title='bbox 852 1179 1021 1218; x_wconf 86' lang='lat' dir='ltr'><strong>Adeant</strong></span> <span class='ocrx_word' id='word_1_145' title='bbox 1048 1179 1192 1234; x_wconf 90' lang='lat' dir='ltr'><strong>itaque</strong></span> <span class='ocrx_word' id='word_1_146' title='bbox 1219 1180 1395 1220; x_wconf 74' lang='lat' dir='ltr'><strong>Luciani</strong></span> <span class='ocrx_word' id='word_1_147' title='bbox 1420 1179 1586 1218; x_wconf 89' lang='lat' dir='ltr'><strong>libellos</strong></span> <span class='ocrx_word' id='word_1_148' title='bbox 1621 1178 1674 1218; x_wconf 83' lang='lat' dir='ltr'><strong>de</strong></span> 
     </span>
     <span class='ocr_line' id='line_1_18' title="bbox 209 1234 1674 1292; baseline -0.005 -12"><span class='ocrx_word' id='word_1_149' title='bbox 209 1250 346 1280; x_wconf 78' lang='lat' dir='ltr'><strong>morte</strong></span> <span class='ocrx_word' id='word_1_150' title='bbox 373 1236 613 1292; x_wconf 79' lang='lat' dir='ltr'><strong>Peregrini,</strong></span> <span class='ocrx_word' id='word_1_151' title='bbox 644 1246 685 1275; x_wconf 91' lang='lat' dir='ltr'><strong>et</strong></span> <span class='ocrx_word' id='word_1_152' title='bbox 713 1234 950 1288; x_wconf 82' lang='lat' dir='ltr'><strong>Lapithas;</strong></span> <span class='ocrx_word' id='word_1_153' title='bbox 993 1234 1179 1289; x_wconf 83' lang='lat' dir='ltr'><strong>indeque</strong></span> <span class='ocrx_word' id='word_1_154' title='bbox 1216 1235 1405 1286; x_wconf 80' lang='lat' dir='ltr'><strong>discant,</strong></span> <span class='ocrx_word' id='word_1_155' title='bbox 1440 1249 1547 1289; x_wconf 86' lang='lat' dir='ltr'><strong>quae</strong></span> <span class='ocrx_word' id='word_1_156' title='bbox 1581 1234 1674 1285; x_wconf 85' lang='lat' dir='ltr'><strong>alii,</strong></span> 
     </span>
     <span class='ocr_line' id='line_1_19' title="bbox 211 1291 1677 1349; baseline -0.005 -13"><span class='ocrx_word' id='word_1_157' title='bbox 211 1304 486 1349; x_wconf 85' lang='lat' dir='ltr'><strong>conspectum</strong></span> <span class='ocrx_word' id='word_1_158' title='bbox 507 1293 726 1331; x_wconf 87' lang='lat' dir='ltr'><strong>hominum</strong></span> <span class='ocrx_word' id='word_1_159' title='bbox 759 1293 996 1347; x_wconf 79' lang='lat' dir='ltr'><strong>fugientes,</strong></span> <span class='ocrx_word' id='word_1_160' title='bbox 1032 1305 1078 1330; x_wconf 90' lang='lat' dir='ltr'><strong>ac</strong></span> <span class='ocrx_word' id='word_1_161' title='bbox 1101 1307 1153 1332; x_wconf 82' lang='lat' dir='ltr'><strong>ne</strong></span> <span class='ocrx_word' id='word_1_162' title='bbox 1171 1303 1260 1331; x_wconf 85' lang='lat' dir='ltr'><strong>tum</strong></span> <span class='ocrx_word' id='word_1_163' title='bbox 1290 1291 1460 1346; x_wconf 89' lang='lat' dir='ltr'><strong>quidem</strong></span> <span class='ocrx_word' id='word_1_164' title='bbox 1479 1292 1569 1331; x_wconf 89' lang='lat' dir='ltr'><strong>sine</strong></span> <span class='ocrx_word' id='word_1_165' title='bbox 1591 1291 1677 1331; x_wconf 89' lang='lat' dir='ltr'><strong>ali-</strong></span> 
     </span>
     <span class='ocr_line' id='line_1_20' title="bbox 213 1348 1673 1406; baseline -0.003 -15"><span class='ocrx_word' id='word_1_166' title='bbox 213 1367 299 1406; x_wconf 86' lang='lat' dir='ltr'><strong>quo</strong></span> <span class='ocrx_word' id='word_1_167' title='bbox 320 1350 503 1405; x_wconf 83' lang='lat' dir='ltr'><strong>pudore,</strong></span> <span class='ocrx_word' id='word_1_168' title='bbox 536 1348 721 1398; x_wconf 79' lang='lat' dir='ltr'><strong>faciant,</strong></span> <span class='ocrx_word' id='word_1_169' title='bbox 755 1363 801 1387; x_wconf 89' lang='lat' dir='ltr'><strong>ea</strong></span> <span class='ocrx_word' id='word_1_170' title='bbox 833 1348 1021 1400; x_wconf 81' lang='lat' dir='ltr'><strong>Cynicos</strong></span> <span class='ocrx_word' id='word_1_171' title='bbox 1052 1348 1095 1386; x_wconf 90' lang='lat' dir='ltr'><strong>in</strong></span> <span class='ocrx_word' id='word_1_172' title='bbox 1128 1352 1355 1403; x_wconf 83' lang='lat' dir='ltr'><strong>propatulo</strong></span> <span class='ocrx_word' id='word_1_173' title='bbox 1389 1363 1441 1387; x_wconf 83' lang='lat' dir='ltr'><strong>ex</strong></span> <span class='ocrx_word' id='word_1_174' title='bbox 1469 1349 1673 1386; x_wconf 73' lang='lat' dir='ltr'><strong>instituto</strong></span> 
     </span>
     <span class='ocr_line' id='line_1_21' title="bbox 212 1403 1674 1459; baseline -0.005 -11"><span class='ocrx_word' id='word_1_175' title='bbox 212 1423 315 1459; x_wconf 88' lang='lat' dir='ltr'><strong>suo,</strong></span> <span class='ocrx_word' id='word_1_176' title='bbox 349 1417 389 1446; x_wconf 86' lang='lat' dir='ltr'><strong>et</strong></span> <span class='ocrx_word' id='word_1_177' title='bbox 411 1405 601 1457; x_wconf 72' lang='lat' dir='ltr'><strong>turpiora</strong></span> <span class='ocrx_word' id='word_1_178' title='bbox 630 1404 755 1443; x_wconf 86' lang='lat' dir='ltr'><strong>etiam</strong></span> <span class='ocrx_word' id='word_1_179' title='bbox 788 1415 987 1455; x_wconf 82' lang='lat' dir='ltr'><strong>patrasse.</strong></span> <span class='ocrx_word' id='word_1_180' title='bbox 1048 1404 1216 1444; x_wconf 86' lang='lat' dir='ltr'><strong>Adeant</strong></span> <span class='ocrx_word' id='word_1_181' title='bbox 1240 1415 1282 1444; x_wconf 87' lang='lat' dir='ltr'><strong>et</strong></span> <span class='ocrx_word' id='word_1_182' title='bbox 1309 1405 1568 1443; x_wconf 82' lang='lat' dir='ltr'><strong>Lactantium</strong></span> <span class='ocrx_word' id='word_1_183' title='bbox 1587 1403 1674 1454; x_wconf 86' lang='lat' dir='ltr'><strong>III,</strong></span> 
     </span>
     <span class='ocr_line' id='line_1_22' title="bbox 216 1459 1677 1516; baseline -0.005 -11"><span class='ocrx_word' id='word_1_184' title='bbox 216 1468 282 1510; x_wconf 86' lang='lat'><strong>15.</strong></span> <span class='ocrx_word' id='word_1_185' title='bbox 304 1465 335 1504; x_wconf 87' lang='lat' dir='ltr'><strong>f.</strong></span> <span class='ocrx_word' id='word_1_186' title='bbox 358 1462 464 1501; x_wconf 82' lang='lat' dir='ltr'><strong>Nam</strong></span> <span class='ocrx_word' id='word_1_187' title='bbox 484 1460 580 1516; x_wconf 65' lang='lat' dir='ltr'><strong>quid</strong></span> <span class='ocrx_word' id='word_1_188' title='bbox 601 1476 668 1513; x_wconf 72' lang='lat' dir='ltr'><strong>ego</strong></span> <span class='ocrx_word' id='word_1_189' title='bbox 689 1460 735 1499; x_wconf 76' lang='lat' dir='ltr'><strong>cle</strong></span> <span class='ocrx_word' id='word_1_190' title='bbox 756 1459 927 1515; x_wconf 75' lang='lat' dir='ltr'><strong>Cynicis,</strong></span> <span class='ocrx_word' id='word_1_191' title='bbox 961 1460 1124 1512; x_wconf 83' lang='lat' dir='ltr'><strong>inquit,</strong></span> <span class='ocrx_word' id='word_1_192' title='bbox 1158 1460 1332 1515; x_wconf 78' lang='lat' dir='ltr'><strong>loquar?</strong></span> <span class='ocrx_word' id='word_1_193' title='bbox 1361 1461 1499 1515; x_wconf 72' lang='lat' dir='ltr'><strong>quibus</strong></span> <span class='ocrx_word' id='word_1_194' title='bbox 1519 1463 1559 1499; x_wconf 80' lang='grc' dir='ltr'><strong>ἰη</strong></span> <span class='ocrx_word' id='word_1_195' title='bbox 1577 1476 1677 1514; x_wconf 88' lang='lat' dir='ltr'><strong>pro-</strong></span> 
     </span>
     <span class='ocr_line' id='line_1_23' title="bbox 212 1516 1674 1576; baseline -0.003 -16"><span class='ocrx_word' id='word_1_196' title='bbox 212 1520 351 1576; x_wconf 77' lang='lat' dir='ltr'><strong>patulo</strong></span> <span class='ocrx_word' id='word_1_197' title='bbox 375 1521 477 1558; x_wconf 79' lang='lat' dir='ltr'><strong>coire</strong></span> <span class='ocrx_word' id='word_1_198' title='bbox 504 1534 589 1556; x_wconf 82' lang='lat' dir='ltr'><strong>cum</strong></span> <span class='ocrx_word' id='word_1_199' title='bbox 621 1517 848 1570; x_wconf 75' lang='lat' dir='ltr'><strong>conjugibus</strong></span> <span class='ocrx_word' id='word_1_200' title='bbox 877 1532 960 1556; x_wconf 83' lang='lat' dir='ltr'><strong>mos</strong></span> <span class='ocrx_word' id='word_1_201' title='bbox 980 1516 1105 1573; x_wconf 74' lang='lat' dir='ltr'><strong>ficit?</strong></span> <span class='ocrx_word' id='word_1_202' title='bbox 1162 1518 1232 1556; x_wconf 90' lang='lat' dir='ltr'><strong>Sic</strong></span> <span class='ocrx_word' id='word_1_203' title='bbox 1257 1516 1401 1555; x_wconf 89' lang='lat' dir='ltr'><strong>Crates</strong></span> <span class='ocrx_word' id='word_1_204' title='bbox 1425 1532 1517 1555; x_wconf 89' lang='lat' dir='ltr'><strong>curn</strong></span> <span class='ocrx_word' id='word_1_205' title='bbox 1539 1530 1674 1555; x_wconf 80' lang='lat' dir='ltr'><strong>uxore</strong></span> 
     </span>
     <span class='ocr_line' id='line_1_24' title="bbox 214 1573 1675 1631; baseline -0.003 -15"><span class='ocrx_word' id='word_1_206' title='bbox 214 1581 354 1631; x_wconf 85' lang='lat' dir='ltr'><strong>palam</strong></span> <span class='ocrx_word' id='word_1_207' title='bbox 385 1575 429 1613; x_wconf 92' lang='lat' dir='ltr'><strong>in</strong></span> <span class='ocrx_word' id='word_1_208' title='bbox 455 1574 627 1612; x_wconf 81' lang='lat' dir='ltr'><strong>Poecile</strong></span> <span class='ocrx_word' id='word_1_209' title='bbox 659 1587 743 1611; x_wconf 89' lang='lat' dir='ltr'><strong>rem</strong></span> <span class='ocrx_word' id='word_1_210' title='bbox 776 1573 939 1612; x_wconf 81' lang='lat' dir='ltr'><strong>habuit.</strong></span> <span class='ocrx_word' id='word_1_211' title='bbox 1006 1573 1098 1614; x_wconf 79' lang='lat' dir='ltr'><strong>Vid.</strong></span> <span class='ocrx_word' id='word_1_212' title='bbox 1126 1575 1281 1615; x_wconf 79' lang='lat' dir='ltr'><strong>Tatian.</strong></span> <span class='ocrx_word' id='word_1_213' title='bbox 1312 1583 1354 1613; x_wconf 87' lang='lat' dir='ltr'><strong>et</strong></span> <span class='ocrx_word' id='word_1_214' title='bbox 1386 1583 1507 1612; x_wconf 88' lang='lat' dir='ltr'><strong>notas</strong></span> <span class='ocrx_word' id='word_1_215' title='bbox 1539 1587 1580 1624; x_wconf 86' lang='lat' dir='ltr'><strong>p.</strong></span> <span class='ocrx_word' id='word_1_216' title='bbox 1607 1574 1675 1617; x_wconf 81' lang='lat'><strong>15.</strong></span> 
     </span>
     <span class='ocr_line' id='line_1_25' title="bbox 216 1628 1678 1683; baseline -0.002 -11"><span class='ocrx_word' id='word_1_217' title='bbox 216 1635 343 1673; x_wconf 86' lang='lat' dir='ltr'><strong>Plura</strong></span> <span class='ocrx_word' id='word_1_218' title='bbox 365 1632 410 1670; x_wconf 88' lang='lat' dir='ltr'><strong>in</strong></span> <span class='ocrx_word' id='word_1_219' title='bbox 432 1644 520 1670; x_wconf 85' lang='lat' dir='ltr'><strong>eam</strong></span> <span class='ocrx_word' id='word_1_220' title='bbox 542 1643 623 1667; x_wconf 88' lang='lat' dir='ltr'><strong>rem</strong></span> <span class='ocrx_word' id='word_1_221' title='bbox 643 1629 889 1667; x_wconf 83' lang='lat' dir='ltr'><strong>testimonia</strong></span> <span class='ocrx_word' id='word_1_222' title='bbox 910 1628 1017 1682; x_wconf 83' lang='lat' dir='ltr'><strong>apud</strong></span> <span class='ocrx_word' id='word_1_223' title='bbox 1033 1629 1262 1683; x_wconf 62' lang='lat' dir='ltr'><strong>Dilenagium</strong></span> <span class='ocrx_word' id='word_1_224' title='bbox 1283 1629 1476 1669; x_wconf 84' lang='lat' dir='ltr'><strong>invenies</strong></span> <span class='ocrx_word' id='word_1_225' title='bbox 1495 1628 1547 1667; x_wconf 87' lang='lat' dir='ltr'><strong>ad</strong></span> <span class='ocrx_word' id='word_1_226' title='bbox 1557 1630 1678 1682; x_wconf 78' lang='lat' dir='ltr'><strong>Diog.</strong></span> 
     </span>
    </p>
   </div>
   <div class='ocr_carea' id='block_1_4' title="bbox 217 1680 1651 1740">
    <p class='ocr_par' dir='ltr' id='par_1_4' title="bbox 217 1680 1651 1740">
     <span class='ocr_line' id='line_1_26' title="bbox 217 1680 1651 1740; baseline 0.008 -27"><span class='ocrx_word' id='word_1_227' title='bbox 217 1689 354 1730; x_wconf 41' lang='lat' dir='ltr'><em>Lab-1·</em></span> <span class='ocrx_word' id='word_1_228' title='bbox 377 1702 418 1740; x_wconf 69' lang='lat' dir='ltr'><strong>p,</strong></span> <span class='ocrx_word' id='word_1_229' title='bbox 441 1688 533 1730; x_wconf 78' lang='lat'><strong>155,</strong></span> <span class='ocrx_word' id='word_1_230' title='bbox 560 1685 610 1722; x_wconf 88' lang='lat' dir='ltr'><strong>E.</strong></span> <span class='ocrx_word' id='word_1_231' title='bbox 633 1693 673 1723; x_wconf 91' lang='lat' dir='ltr'><strong>et</strong></span> <span class='ocrx_word' id='word_1_232' title='bbox 693 1684 806 1738; x_wconf 89' lang='lat' dir='ltr'><strong>apud</strong></span> <span class='ocrx_word' id='word_1_233' title='bbox 829 1685 967 1738; x_wconf 69' lang='lat' dir='ltr'><strong>ipsum-</strong></span> <span class='ocrx_word' id='word_1_234' title='bbox 992 1686 1109 1738; x_wconf 63' lang='grc' dir='ltr'><strong><em>Πίος.</em></strong></span> <span class='ocrx_word' id='word_1_235' title='bbox 1135 1700 1175 1738; x_wconf 84' lang='lat' dir='ltr'><strong>p.</strong></span> <span class='ocrx_word' id='word_1_236' title='bbox 1203 1680 1294 1729; x_wconf 82' lang='lat'>154.</span> <span class='ocrx_word' id='word_1_237' title='bbox 1316 1687 1364 1726; x_wconf 89' lang='lat' dir='ltr'><strong>B.</strong></span> <span class='ocrx_word' id='word_1_238' title='bbox 1390 1686 1437 1726; x_wconf 89' lang='lat' dir='ltr'><strong>C.</strong></span> <span class='ocrx_word' id='word_1_239' title='bbox 1483 1687 1651 1728; x_wconf 73' lang='lat' dir='ltr'><strong>SoLAN.</strong></span> 
     </span>
    </p>
   </div>
   <div class='ocr_carea' id='block_1_5' title="bbox 217 1761 1680 2268">
    <p class='ocr_par' dir='ltr' id='par_1_5' title="bbox 217 1761 1680 2268">
     <span class='ocr_line' id='line_1_27' title="bbox 329 1761 1680 1818; baseline -0.004 -12"><span class='ocrx_word' id='word_1_240' title='bbox 329 1765 432 1806; x_wconf 78' lang='lat' dir='ltr'><em>Eacl.</em></span> <span class='ocrx_word' id='word_1_241' title='bbox 454 1768 482 1804; x_wconf 90' lang='grc'><strong>1.</strong></span> <span class='ocrx_word' id='word_1_242' title='bbox 499 1770 538 1808; x_wconf 81' lang='lat'><strong>2.</strong></span> <span class='ocrx_word' id='word_1_243' title='bbox 573 1761 790 1815; x_wconf 77' lang='grc' dir='ltr'><em>Ποιήσειεν</em></span> <span class='ocrx_word' id='word_1_244' title='bbox 808 1761 858 1804; x_wconf 75' lang='grc' dir='ltr'><strong>ἅν</strong></span> <span class='ocrx_word' id='word_1_245' title='bbox 877 1781 935 1812; x_wconf 88' lang='grc' dir='ltr'><strong>τις</strong></span> <span class='ocrx_word' id='word_1_246' title='bbox 954 1766 1144 1818; x_wconf 71' lang='grc' dir='ltr'><em>θαῤῥῶν,</em></span> <span class='ocrx_word' id='word_1_247' title='bbox 1177 1767 1300 1812; x_wconf 76' lang='grc' dir='ltr'>ποίει)</span> <span class='ocrx_word' id='word_1_248' title='bbox 1330 1764 1400 1805; x_wconf 87' lang='lat' dir='ltr'><strong>Sic</strong></span> <span class='ocrx_word' id='word_1_249' title='bbox 1419 1767 1525 1803; x_wconf 90' lang='lat' dir='ltr'><strong>male</strong></span> <span class='ocrx_word' id='word_1_250' title='bbox 1550 1764 1680 1803; x_wconf 84' lang='lat' dir='ltr'><strong>inter-</strong></span> 
     </span>
     <span class='ocr_line' id='line_1_28' title="bbox 218 1818 1680 1879; baseline -0.003 -16"><span class='ocrx_word' id='word_1_251' title='bbox 218 1833 403 1879; x_wconf 88' lang='lat' dir='ltr'><strong>punctus</strong></span> <span class='ocrx_word' id='word_1_252' title='bbox 431 1821 502 1860; x_wconf 89' lang='lat' dir='ltr'><strong>hic</strong></span> <span class='ocrx_word' id='word_1_253' title='bbox 524 1823 642 1860; x_wconf 90' lang='lat' dir='ltr'><strong>locus</strong></span> <span class='ocrx_word' id='word_1_254' title='bbox 673 1819 805 1858; x_wconf 85' lang='lat' dir='ltr'><strong>hodie</strong></span> <span class='ocrx_word' id='word_1_255' title='bbox 831 1821 1008 1874; x_wconf 72' lang='lat' dir='ltr'><strong>legitur3</strong></span> <span class='ocrx_word' id='word_1_256' title='bbox 1042 1830 1084 1859; x_wconf 85' lang='lat' dir='ltr'><strong>et</strong></span> <span class='ocrx_word' id='word_1_257' title='bbox 1111 1824 1217 1860; x_wconf 83' lang='lat' dir='ltr'><strong>mala</strong></span> <span class='ocrx_word' id='word_1_258' title='bbox 1248 1820 1372 1871; x_wconf 78' lang='lat' dir='ltr'><strong>inde,</strong></span> <span class='ocrx_word' id='word_1_259' title='bbox 1404 1829 1452 1859; x_wconf 89' lang='lat' dir='ltr'><strong>ut</strong></span> <span class='ocrx_word' id='word_1_260' title='bbox 1483 1818 1579 1858; x_wconf 82' lang='lat' dir='ltr'><strong>vara</strong></span> <span class='ocrx_word' id='word_1_261' title='bbox 1609 1834 1680 1859; x_wconf 90' lang='lat' dir='ltr'><strong>se-</strong></span> 
     </span>
     <span class='ocr_line' id='line_1_29' title="bbox 221 1875 1677 1932; baseline -0.004 -13"><span class='ocrx_word' id='word_1_262' title='bbox 221 1881 367 1932; x_wconf 86' lang='lat' dir='ltr'><strong>quitur</strong></span> <span class='ocrx_word' id='word_1_263' title='bbox 385 1877 568 1926; x_wconf 83' lang='lat' dir='ltr'><strong>vibiam,</strong></span> <span class='ocrx_word' id='word_1_264' title='bbox 599 1890 647 1915; x_wconf 85' lang='lat' dir='ltr'><strong>ac</strong></span> <span class='ocrx_word' id='word_1_265' title='bbox 667 1875 866 1915; x_wconf 86' lang='lat' dir='ltr'><strong>recedens</strong></span> <span class='ocrx_word' id='word_1_266' title='bbox 886 1876 935 1914; x_wconf 85' lang='lat' dir='ltr'><strong>ab</strong></span> <span class='ocrx_word' id='word_1_267' title='bbox 959 1886 1097 1915; x_wconf 89' lang='lat' dir='ltr'><strong>mente</strong></span> <span class='ocrx_word' id='word_1_268' title='bbox 1116 1877 1302 1916; x_wconf 88' lang='lat' dir='ltr'><strong>auctoris</strong></span> <span class='ocrx_word' id='word_1_269' title='bbox 1322 1886 1420 1915; x_wconf 86' lang='lat' dir='ltr'><strong>nata</strong></span> <span class='ocrx_word' id='word_1_270' title='bbox 1440 1885 1502 1915; x_wconf 86' lang='lat' dir='ltr'><strong>est</strong></span> <span class='ocrx_word' id='word_1_271' title='bbox 1520 1875 1677 1924; x_wconf 78' lang='lat' dir='ltr'><strong>versio,</strong></span> 
     </span>
     <span class='ocr_line' id='line_1_30' title="bbox 218 1931 1679 1988; baseline -0.005 -12"><span class='ocrx_word' id='word_1_272' title='bbox 218 1937 269 1976; x_wconf 84' lang='lat' dir='ltr'><strong>In</strong></span> <span class='ocrx_word' id='word_1_273' title='bbox 298 1945 504 1988; x_wconf 77' lang='lat' dir='ltr'><strong>conspectu.</strong></span> <span class='ocrx_word' id='word_1_274' title='bbox 528 1949 615 1972; x_wconf 85' lang='lat' dir='ltr'><strong>vero</strong></span> <span class='ocrx_word' id='word_1_275' title='bbox 646 1935 816 1971; x_wconf 79' lang='lat' dir='ltr'><strong>omnium</strong></span> <span class='ocrx_word' id='word_1_276' title='bbox 842 1948 887 1970; x_wconf 79' lang='lat' dir='ltr'><strong>ea</strong></span> <span class='ocrx_word' id='word_1_277' title='bbox 901 1933 1066 1988; x_wconf 76' lang='lat' dir='ltr'><strong>facias,</strong></span> <span class='ocrx_word' id='word_1_278' title='bbox 1111 1950 1210 1987; x_wconf 78' lang='lat' dir='ltr'><strong>quae</strong></span> <span class='ocrx_word' id='word_1_279' title='bbox 1237 1951 1283 1972; x_wconf 85' lang='lat' dir='ltr'><strong>ne</strong></span> <span class='ocrx_word' id='word_1_280' title='bbox 1310 1935 1497 1987; x_wconf 79' lang='lat' dir='ltr'><strong>privatim</strong></span> <span class='ocrx_word' id='word_1_281' title='bbox 1524 1931 1679 1986; x_wconf 76' lang='lat' dir='ltr'><strong>quidem</strong></span> 
     </span>
     <span class='ocr_line' id='line_1_31' title="bbox 219 1985 1680 2047; baseline -0.001 -18"><span class='ocrx_word' id='word_1_282' title='bbox 219 1994 413 2047; x_wconf 76' lang='lat' dir='ltr'><strong>quispiam</strong></span> <span class='ocrx_word' id='word_1_283' title='bbox 442 1989 545 2028; x_wconf 80' lang='lat' dir='ltr'><strong>alius</strong></span> <span class='ocrx_word' id='word_1_284' title='bbox 564 1990 707 2045; x_wconf 77' lang='lat' dir='ltr'><strong>facere</strong></span> <span class='ocrx_word' id='word_1_285' title='bbox 734 1991 848 2030; x_wconf 76' lang='lat' dir='ltr'><strong>ausit.</strong></span> <span class='ocrx_word' id='word_1_286' title='bbox 911 1988 991 2028; x_wconf 88' lang='lat' dir='ltr'><strong>Sed</strong></span> <span class='ocrx_word' id='word_1_287' title='bbox 1014 1988 1263 2043; x_wconf 86' lang='lat' dir='ltr'><strong>legendum,</strong></span> <span class='ocrx_word' id='word_1_288' title='bbox 1292 1987 1362 2030; x_wconf 80' lang='grc' dir='ltr'><strong>Ἐν</strong></span> <span class='ocrx_word' id='word_1_289' title='bbox 1385 1989 1479 2040; x_wconf 77' lang='grc' dir='ltr'><em>ὄψει</em></span> <span class='ocrx_word' id='word_1_290' title='bbox 1505 1990 1547 2029; x_wconf 82' lang='grc' dir='ltr'><strong>δὲ</strong></span> <span class='ocrx_word' id='word_1_291' title='bbox 1568 1985 1680 2028; x_wconf 78' lang='grc' dir='ltr'><em>πάν-</em></span> 
     </span>
     <span class='ocr_line' id='line_1_32' title="bbox 217 2043 1680 2101; baseline -0.005 -11"><span class='ocrx_word' id='word_1_292' title='bbox 217 2066 321 2099; x_wconf 85' lang='grc' dir='ltr'><strong>των,</strong></span> <span class='ocrx_word' id='word_1_293' title='bbox 354 2045 380 2088; x_wconf 69' lang='grc' dir='ltr'>ἃ</span> <span class='ocrx_word' id='word_1_294' title='bbox 409 2043 504 2100; x_wconf 74' lang='grc' dir='ltr'><em>μηδ’</em></span> <span class='ocrx_word' id='word_1_295' title='bbox 538 2048 620 2101; x_wconf 73' lang='grc' dir='ltr'><em>ἰδίᾳ</em></span> <span class='ocrx_word' id='word_1_296' title='bbox 648 2044 854 2097; x_wconf 79' lang='grc' dir='ltr'><em>ποιήσειεν</em></span> <span class='ocrx_word' id='word_1_297' title='bbox 877 2043 926 2087; x_wconf 78' lang='grc' dir='ltr'><strong>ὄῖν</strong></span> <span class='ocrx_word' id='word_1_298' title='bbox 957 2062 1036 2093; x_wconf 82' lang='grc' dir='ltr'><em>τις,</em></span> <span class='ocrx_word' id='word_1_299' title='bbox 1068 2047 1239 2099; x_wconf 73' lang='grc' dir='ltr'>θαρῤὦν</span> <span class='ocrx_word' id='word_1_300' title='bbox 1270 2047 1398 2094; x_wconf 83' lang='grc' dir='ltr'><em>ποίει,</em></span> <span class='ocrx_word' id='word_1_301' title='bbox 1432 2054 1474 2083; x_wconf 91' lang='lat' dir='ltr'><strong>et</strong></span> <span class='ocrx_word' id='word_1_302' title='bbox 1497 2043 1680 2083; x_wconf 89' lang='lat' dir='ltr'><strong>redden-</strong></span> 
     </span>
     <span class='ocr_line' id='line_1_33' title="bbox 221 2101 1680 2155; baseline -0.005 -13"><span class='ocrx_word' id='word_1_303' title='bbox 221 2105 318 2142; x_wconf 82' lang='lat' dir='ltr'><strong>dum</strong></span> <span class='ocrx_word' id='word_1_304' title='bbox 333 2135 343 2154; x_wconf 92' lang='lat'><strong>,</strong></span> <span class='ocrx_word' id='word_1_305' title='bbox 378 2102 424 2142; x_wconf 80' lang='grc' dir='ltr'><strong>Ῑη</strong></span> <span class='ocrx_word' id='word_1_306' title='bbox 443 2101 567 2142; x_wconf 68' lang='lat' dir='ltr'><strong>oculis</strong></span> <span class='ocrx_word' id='word_1_307' title='bbox 586 2117 672 2140; x_wconf 82' lang='lat' dir='ltr'><strong>vero</strong></span> <span class='ocrx_word' id='word_1_308' title='bbox 700 2104 890 2151; x_wconf 75' lang='lat' dir='ltr'><strong>omnium,</strong></span> <span class='ocrx_word' id='word_1_309' title='bbox 924 2117 1022 2155; x_wconf 76' lang='lat' dir='ltr'><strong>quae</strong></span> <span class='ocrx_word' id='word_1_310' title='bbox 1042 2118 1150 2140; x_wconf 79' lang='lat' dir='ltr'><strong>nemo</strong></span> <span class='ocrx_word' id='word_1_311' title='bbox 1170 2102 1273 2141; x_wconf 76' lang='lat' dir='ltr'><strong>nllus</strong></span> <span class='ocrx_word' id='word_1_312' title='bbox 1297 2104 1481 2154; x_wconf 69' lang='lat' dir='ltr'><strong>privatim</strong></span> <span class='ocrx_word' id='word_1_313' title='bbox 1504 2111 1537 2138; x_wconf 80' lang='lat' dir='ltr'><strong>et</strong></span> <span class='ocrx_word' id='word_1_314' title='bbox 1559 2116 1680 2139; x_wconf 81' lang='lat' dir='ltr'><strong>remo..</strong></span> 
     </span>
     <span class='ocr_line' id='line_1_34' title="bbox 217 2156 1678 2213; baseline -0.001 -14"><span class='ocrx_word' id='word_1_315' title='bbox 217 2163 269 2199; x_wconf 71' lang='lat' dir='ltr'><strong>iis</strong></span> <span class='ocrx_word' id='word_1_316' title='bbox 287 2160 446 2199; x_wconf 72' lang='lat' dir='ltr'><strong>arbitris</strong></span> <span class='ocrx_word' id='word_1_317' title='bbox 465 2159 610 2213; x_wconf 78' lang='lat' dir='ltr'><strong>facere</strong></span> <span class='ocrx_word' id='word_1_318' title='bbox 634 2161 675 2196; x_wconf 75' lang='lat' dir='ltr'><strong>in</strong></span> <span class='ocrx_word' id='word_1_319' title='bbox 699 2160 872 2197; x_wconf 77' lang='lat' dir='ltr'><strong>animum</strong></span> <span class='ocrx_word' id='word_1_320' title='bbox 894 2158 1117 2207; x_wconf 67' lang='lat' dir='ltr'><strong>itzduoeeril,</strong></span> <span class='ocrx_word' id='word_1_321' title='bbox 1151 2170 1192 2196; x_wconf 74' lang='lat' dir='ltr'><strong>iu</strong></span> <span class='ocrx_word' id='word_1_322' title='bbox 1226 2158 1412 2197; x_wconf 78' lang='lat' dir='ltr'><strong>audacter</strong></span> <span class='ocrx_word' id='word_1_323' title='bbox 1425 2158 1521 2212; x_wconf 66' lang='lat' dir='ltr'><strong>juc-</strong></span> <span class='ocrx_word' id='word_1_324' title='bbox 1553 2156 1678 2197; x_wconf 74' lang='lat' dir='ltr'><strong>JENS.</strong></span> 
     </span>
     <span class='ocr_line' id='line_1_35' title="bbox 220 2214 1430 2268; baseline -0.003 -13"><span class='ocrx_word' id='word_1_325' title='bbox 220 2215 515 2268; x_wconf 80' lang='lat' dir='ltr'><strong>Occupaverat</strong></span> <span class='ocrx_word' id='word_1_326' title='bbox 535 2223 689 2253; x_wconf 87' lang='lat' dir='ltr'><strong>rectam</strong></span> <span class='ocrx_word' id='word_1_327' title='bbox 710 2214 1101 2268; x_wconf 77' lang='lat' dir='ltr'><strong>interpunctionem</strong></span> <span class='ocrx_word' id='word_1_328' title='bbox 1120 2215 1168 2253; x_wconf 86' lang='lat' dir='ltr'><strong>B.</strong></span> <span class='ocrx_word' id='word_1_329' title='bbox 1198 2220 1233 2256; x_wconf 88' lang='lat'><strong>1.</strong></span> <span class='ocrx_word' id='word_1_330' title='bbox 1274 2215 1430 2252; x_wconf 74' lang='lat' dir='ltr'><strong>mei.</strong></span> 
     </span>
    </p>
   </div>
   <div class='ocr_carea' id='block_1_6' title="bbox 216 2278 1681 2787">
    <p class='ocr_par' dir='ltr' id='par_1_6' title="bbox 217 2278 1681 2658">
     <span class='ocr_line' id='line_1_36' title="bbox 330 2278 1681 2334; baseline -0.006 -12"><span class='ocrx_word' id='word_1_331' title='bbox 330 2283 434 2323; x_wconf 80' lang='lat' dir='ltr'><em>Eacl.</em></span> <span class='ocrx_word' id='word_1_332' title='bbox 458 2285 486 2320; x_wconf 90' lang='grc' dir='ltr'><strong>Ι.</strong></span> <span class='ocrx_word' id='word_1_333' title='bbox 510 2287 548 2326; x_wconf 81' lang='lat'><strong>3.</strong></span> <span class='ocrx_word' id='word_1_334' title='bbox 582 2279 801 2323; x_wconf 54' lang='lat' dir='ltr'><strong>mmmdcc</strong></span> <span class='ocrx_word' id='word_1_335' title='bbox 825 2278 957 2333; x_wconf 67' lang='grc' dir='ltr'>ὠμὸν)</span> <span class='ocrx_word' id='word_1_336' title='bbox 989 2281 1155 2320; x_wconf 78' lang='lat' dir='ltr'><strong>Alludit</strong></span> <span class='ocrx_word' id='word_1_337' title='bbox 1176 2281 1247 2320; x_wconf 82' lang='lat' dir='ltr'><strong>hic</strong></span> <span class='ocrx_word' id='word_1_338' title='bbox 1269 2281 1319 2319; x_wconf 84' lang='lat' dir='ltr'><strong>ad</strong></span> <span class='ocrx_word' id='word_1_339' title='bbox 1340 2280 1552 2334; x_wconf 85' lang='lat' dir='ltr'><strong>Diogenis</strong></span> <span class='ocrx_word' id='word_1_340' title='bbox 1571 2294 1681 2320; x_wconf 83' lang='lat' dir='ltr'><strong>mor-</strong></span> 
     </span>
     <span class='ocr_line' id='line_1_37' title="bbox 218 2336 1680 2392; baseline -0.003 -14"><span class='ocrx_word' id='word_1_341' title='bbox 218 2347 325 2389; x_wconf 75' lang='lat' dir='ltr'><strong>tem,</strong></span> <span class='ocrx_word' id='word_1_342' title='bbox 359 2339 432 2392; x_wconf 84' lang='lat' dir='ltr'><strong>qui</strong></span> <span class='ocrx_word' id='word_1_343' title='bbox 456 2337 570 2390; x_wconf 87' lang='lat' dir='ltr'><strong>quod</strong></span> <span class='ocrx_word' id='word_1_344' title='bbox 593 2353 706 2376; x_wconf 89' lang='lat' dir='ltr'><strong>nunc</strong></span> <span class='ocrx_word' id='word_1_345' title='bbox 730 2340 880 2376; x_wconf 84' lang='lat' dir='ltr'><strong>emtori</strong></span> <span class='ocrx_word' id='word_1_346' title='bbox 906 2336 1076 2387; x_wconf 84' lang='lat' dir='ltr'><strong>suadet,</strong></span> <span class='ocrx_word' id='word_1_347' title='bbox 1109 2338 1198 2390; x_wconf 88' lang='lat' dir='ltr'><strong>ipse</strong></span> <span class='ocrx_word' id='word_1_348' title='bbox 1222 2337 1266 2374; x_wconf 88' lang='lat' dir='ltr'><strong>in</strong></span> <span class='ocrx_word' id='word_1_349' title='bbox 1288 2352 1330 2375; x_wconf 91' lang='lat' dir='ltr'><strong>se</strong></span> <span class='ocrx_word' id='word_1_350' title='bbox 1351 2336 1568 2376; x_wconf 80' lang='lat' dir='ltr'><strong>admisisse</strong></span> <span class='ocrx_word' id='word_1_351' title='bbox 1589 2346 1680 2374; x_wconf 91' lang='lat' dir='ltr'><strong>tra—</strong></span> 
     </span>
     <span class='ocr_line' id='line_1_38' title="bbox 220 2393 1676 2447; baseline -0.002 -15"><span class='ocrx_word' id='word_1_352' title='bbox 220 2393 350 2435; x_wconf 85' lang='lat' dir='ltr'><strong>ditur.</strong></span> <span class='ocrx_word' id='word_1_353' title='bbox 411 2395 597 2434; x_wconf 88' lang='lat' dir='ltr'><strong>Consule</strong></span> <span class='ocrx_word' id='word_1_354' title='bbox 625 2395 789 2447; x_wconf 72' lang='lat' dir='ltr'><strong>Diogen.</strong></span> <span class='ocrx_word' id='word_1_355' title='bbox 817 2394 952 2434; x_wconf 54' lang='lat' dir='ltr'><strong>Lam-t.</strong></span> <span class='ocrx_word' id='word_1_356' title='bbox 980 2398 1069 2437; x_wconf 86' lang='lat'><strong>156.</strong></span> <span class='ocrx_word' id='word_1_357' title='bbox 1107 2395 1154 2434; x_wconf 93' lang='lat' dir='ltr'><strong>A.</strong></span> <span class='ocrx_word' id='word_1_358' title='bbox 1186 2395 1234 2432; x_wconf 90' lang='lat' dir='ltr'><strong>B.</strong></span> <span class='ocrx_word' id='word_1_359' title='bbox 1265 2403 1306 2433; x_wconf 82' lang='lat' dir='ltr'><strong>et</strong></span> <span class='ocrx_word' id='word_1_360' title='bbox 1342 2393 1386 2430; x_wconf 92' lang='lat' dir='ltr'><strong>in</strong></span> <span class='ocrx_word' id='word_1_361' title='bbox 1418 2407 1508 2430; x_wconf 83' lang='lat' dir='ltr'><strong>eum</strong></span> <span class='ocrx_word' id='word_1_362' title='bbox 1533 2396 1676 2430; x_wconf 89' lang='lat' dir='ltr'><strong>locum</strong></span> 
     </span>
     <span class='ocr_line' id='line_1_39' title="bbox 218 2447 1680 2502; baseline 0.001 -13"><span class='ocrx_word' id='word_1_363' title='bbox 218 2450 428 2491; x_wconf 78' lang='lat' dir='ltr'><strong>eruditiss.</strong></span> <span class='ocrx_word' id='word_1_364' title='bbox 450 2450 632 2502; x_wconf 63' lang='lat' dir='ltr'><strong>Menagii</strong></span> <span class='ocrx_word' id='word_1_365' title='bbox 661 2449 1000 2489; x_wconf 79' lang='lat' dir='ltr'><strong>emendationem</strong></span> <span class='ocrx_word' id='word_1_366' title='bbox 1035 2450 1332 2496; x_wconf 78' lang='lat' dir='ltr'><strong>certissimam,</strong></span> <span class='ocrx_word' id='word_1_367' title='bbox 1367 2462 1446 2500; x_wconf 87' lang='lat' dir='ltr'><strong>qua</strong></span> <span class='ocrx_word' id='word_1_368' title='bbox 1476 2462 1551 2499; x_wconf 85' lang='lat' dir='ltr'><strong>pro</strong></span> <span class='ocrx_word' id='word_1_369' title='bbox 1582 2447 1680 2499; x_wconf 75' lang='grc' dir='ltr'>βοὸς</span> 
     </span>
     <span class='ocr_line' id='line_1_40' title="bbox 217 2504 1675 2560; baseline -0.002 -14"><span class='ocrx_word' id='word_1_370' title='bbox 217 2505 343 2555; x_wconf 76' lang='grc' dir='ltr'><em>πόδα,</em></span> <span class='ocrx_word' id='word_1_371' title='bbox 375 2504 585 2548; x_wconf 75' lang='grc' dir='ltr'><em>πολύποδα</em></span> <span class='ocrx_word' id='word_1_372' title='bbox 615 2507 818 2545; x_wconf 75' lang='lat' dir='ltr'><strong>restituit.</strong></span> <span class='ocrx_word' id='word_1_373' title='bbox 883 2508 971 2544; x_wconf 80' lang='lat' dir='ltr'><strong>Tat.</strong></span> <span class='ocrx_word' id='word_1_374' title='bbox 1002 2520 1042 2560; x_wconf 88' lang='lat' dir='ltr'><strong>p.</strong></span> <span class='ocrx_word' id='word_1_375' title='bbox 1063 2512 1099 2549; x_wconf 85' lang='lat'><strong>8.</strong></span> <span class='ocrx_word' id='word_1_376' title='bbox 1127 2506 1273 2545; x_wconf 74' lang='lat' dir='ltr'><strong>Athen.</strong></span> <span class='ocrx_word' id='word_1_377' title='bbox 1301 2504 1428 2553; x_wconf 83' lang='lat' dir='ltr'><strong>VIII,</strong></span> <span class='ocrx_word' id='word_1_378' title='bbox 1455 2509 1491 2547; x_wconf 87' lang='lat'><strong>5.</strong></span> <span class='ocrx_word' id='word_1_379' title='bbox 1525 2504 1675 2543; x_wconf 80' lang='lat' dir='ltr'><strong>Julian.</strong></span> 
     </span>
     <span class='ocr_line' id='line_1_41' title="bbox 219 2559 1678 2617; baseline -0.001 -17"><span class='ocrx_word' id='word_1_380' title='bbox 219 2562 291 2603; x_wconf 78' lang='lat' dir='ltr'><strong>Or.</strong></span> <span class='ocrx_word' id='word_1_381' title='bbox 316 2562 388 2602; x_wconf 91' lang='lat' dir='ltr'><strong>VI.</strong></span> <span class='ocrx_word' id='word_1_382' title='bbox 411 2563 468 2601; x_wconf 87' lang='lat' dir='ltr'><strong>in.</strong></span> <span class='ocrx_word' id='word_1_383' title='bbox 498 2571 540 2601; x_wconf 87' lang='lat' dir='ltr'><strong>et</strong></span> <span class='ocrx_word' id='word_1_384' title='bbox 576 2561 682 2602; x_wconf 68' lang='lat' dir='ltr'><strong>Plut.</strong></span> <span class='ocrx_word' id='word_1_385' title='bbox 707 2576 759 2600; x_wconf 87' lang='lat' dir='ltr'><strong>an</strong></span> <span class='ocrx_word' id='word_1_386' title='bbox 793 2576 899 2617; x_wconf 85' lang='lat' dir='ltr'><strong>aqua</strong></span> <span class='ocrx_word' id='word_1_387' title='bbox 917 2571 998 2602; x_wconf 87' lang='lat' dir='ltr'><strong>etc.</strong></span> <span class='ocrx_word' id='word_1_388' title='bbox 1048 2561 1212 2601; x_wconf 75' lang='lat' dir='ltr'><strong>Sotades</strong></span> <span class='ocrx_word' id='word_1_389' title='bbox 1241 2559 1352 2614; x_wconf 89' lang='lat' dir='ltr'><strong>apud</strong></span> <span class='ocrx_word' id='word_1_390' title='bbox 1388 2560 1498 2600; x_wconf 70' lang='lat' dir='ltr'><strong>Stob.</strong></span> <span class='ocrx_word' id='word_1_391' title='bbox 1521 2560 1678 2599; x_wconf 84' lang='lat' dir='ltr'>XCVI.</span> 
     </span>
     <span class='ocr_line' id='line_1_42' title="bbox 219 2618 391 2658; baseline -0.017 0"><span class='ocrx_word' id='word_1_392' title='bbox 219 2618 391 2658; x_wconf 70' lang='lat' dir='ltr'><strong>SOLAN.</strong></span> 
     </span>
    </p>

    <p class='ocr_par' dir='ltr' id='par_1_7' title="bbox 216 2668 1675 2787">
     <span class='ocr_line' id='line_1_43' title="bbox 329 2668 1675 2729; baseline -0.004 -14"><span class='ocrx_word' id='word_1_393' title='bbox 329 2673 431 2715; x_wconf 67' lang='lat' dir='ltr'><strong>Eud.</strong></span> <span class='ocrx_word' id='word_1_394' title='bbox 456 2677 483 2713; x_wconf 84' lang='lat' dir='ltr'><strong>l.</strong></span> <span class='ocrx_word' id='word_1_395' title='bbox 507 2678 543 2716; x_wconf 87' lang='lat'><strong>9.</strong></span> <span class='ocrx_word' id='word_1_396' title='bbox 580 2675 660 2715; x_wconf 80' lang='grc' dir='ltr'><strong>Καὶ</strong></span> <span class='ocrx_word' id='word_1_397' title='bbox 689 2672 850 2727; x_wconf 73' lang='grc' dir='ltr'><em>ἰδιώτης</em></span> <span class='ocrx_word' id='word_1_398' title='bbox 879 2672 953 2729; x_wconf 68' lang='grc' dir='ltr'><strong>γὰρ</strong></span> <span class='ocrx_word' id='word_1_399' title='bbox 985 2672 1035 2716; x_wconf 62' lang='grc' dir='ltr'><strong>ἂν</strong></span> <span class='ocrx_word' id='word_1_400' title='bbox 1066 2668 1116 2729; x_wconf 70' lang='grc' dir='ltr'><strong>ᾗς</strong></span> <span class='ocrx_word' id='word_1_401' title='bbox 1144 2671 1232 2726; x_wconf 73' lang='grc' dir='ltr'><strong>ἤτοι</strong></span> <span class='ocrx_word' id='word_1_402' title='bbox 1271 2673 1545 2725; x_wconf 71' lang='grc' dir='ltr'>σκυτοδέψης)</span> <span class='ocrx_word' id='word_1_403' title='bbox 1575 2671 1675 2711; x_wconf 85' lang='lat' dir='ltr'><strong>Non</strong></span> 
     </span>
     <span class='ocr_line' id='line_1_44' title="bbox 216 2728 1674 2787; baseline -0.001 -19"><span class='ocrx_word' id='word_1_404' title='bbox 216 2729 323 2771; x_wconf 87' lang='lat' dir='ltr'><strong>bene</strong></span> <span class='ocrx_word' id='word_1_405' title='bbox 340 2731 547 2782; x_wconf 79' lang='lat' dir='ltr'><strong>expressit</strong></span> <span class='ocrx_word' id='word_1_406' title='bbox 566 2730 812 2782; x_wconf 73' lang='lat' dir='ltr'><strong>Benedictus,</strong></span> <span class='ocrx_word' id='word_1_407' title='bbox 837 2734 908 2771; x_wconf 77' lang='lat' dir='ltr'><strong>etsi</strong></span> <span class='ocrx_word' id='word_1_408' title='bbox 920 2730 1242 2787; x_wconf 72' lang='lat' dir='ltr'><strong>plehejusjiceris.</strong></span> <span class='ocrx_word' id='word_1_409' title='bbox 1304 2729 1422 2784; x_wconf 78' lang='lat' dir='ltr'><strong>Quid</strong></span> <span class='ocrx_word' id='word_1_410' title='bbox 1441 2730 1552 2768; x_wconf 87' lang='lat' dir='ltr'><strong>enim</strong></span> <span class='ocrx_word' id='word_1_411' title='bbox 1569 2728 1589 2767; x_wconf 66' lang='lat'><strong>22</strong></span> <span class='ocrx_word' id='word_1_412' title='bbox 1621 2742 1674 2767; x_wconf 89' lang='lat' dir='ltr'><strong>an</strong></span> 
     </span>
    </p>
   </div>
   <div class='ocr_carea' id='block_1_7' title="bbox 1777 1744 1781 2245">
    <p class='ocr_par' dir='ltr' id='par_1_8' title="bbox 1777 1744 1781 2245">
     <span class='ocr_line' id='line_1_45' title="bbox 1777 1744 1781 2245; baseline 0 0"><span class='ocrx_word' id='word_1_413' title='bbox 1777 1744 1781 2245; x_wconf 95' lang='lat' dir='ltr'><strong> </strong></span> 
     </span>
    </p>
   </div>
  </div>
 </body>
</html>
