1781 3174
390 215 449 245 ιΝ
525 212 804 244 vrrARum
873 213 1242 246 AucmoNEm.
1451 201 1550 249 527

87 317 136 356 Β.
169 314 242 354 ubi
264 311 579 366 IVytrenba'clzius
599 309 643 348 in
664 309 922 351 Animadvv.
945 310 995 350 ad
1012 311 1116 351 Plut.
1138 311 1252 366 Opp.
1276 313 1412 352 Morr.
1427 314 1548 356 Τ.ΙῘ.

85 387 182 427 pag.
209 375 301 416 157.
329 370 393 410 ed.
419 370 543 419 Lips.
563 366 670 406 adiri
693 366 812 419 jubet
833 368 1063 420 Blenagium
1086 367 1136 407 ad
1153 370 1270 423 Diog.
1291 369 1343 409 L.
1362 370 1431 414 II,
1457 377 1550 415 108,

85 429 124 469 J.
165 429 359 482 Uptonum
385 436 427 466 et
461 425 550 464 Jac.
587 423 815 462 Harrisium
845 423 896 462 ad
929 424 1094 476 Epictet.
1124 427 1307 466 Dissert.
1334 427 1378 475 I,
1413 432 1475 472 19.
1510 436 1552 466 et

86 494 184 523 ante
211 485 288 523 hos
312 483 469 521 dudum
498 480 651 520 veteris
671 480 940 520 Dialecticae
965 480 1253 520 doctissimum
1279 483 1551 536 interpretem

84 540 170 580 Ad.
197 541 384 579 Bur-sium
417 540 461 576 in
494 537 604 576 libro
635 551 827 589 perraro,
869 536 1089 577 Dialectica
1126 538 1320 578 Ciceronis
1343 539 1550 593 inscripto

81 611 125 649 p.
147 601 242 641 452.
303 594 385 636 Sed
408 594 523 634 unde
547 607 701 632 nomen
723 591 825 632 huic
848 593 1016 633 ludicro
1038 596 1227 647 venerit,
1259 609 1346 634 non
1368 607 1551 638 constat.

81 655 235 696 Lnnm.
1310 700 1311 703 Ἴ

197 708 351 748 Eacl.1.
375 713 440 751 12.
467 705 718 760 Ἠλέκτραν)
748 708 868 747 Haec
891 706 976 746 duo
1012 708 1249 761 posteriora
1279 707 1550 764 Chrysippus

82 766 176 819 ipse
207 765 455 805 Lucianeus
496 764 700 818 exemplis
731 763 977 802 illustrabit.
1040 766 1134 803 Alia
1167 765 1352 817 ejusdem
1385 767 1552 807 farinae

80 822 226 862 videre
245 822 317 878 qui
340 824 479 871 volet,
510 821 631 860 adeat
651 821 770 874 Πίος.
794 821 930 860 Lab-t.
958 820 1003 858 in
1028 821 1209 861 Euclide
1231 837 1270 875 p.
1294 827 1361 866 60.
1383 824 1433 865 A.
1456 829 1550 867 174.

81 879 133 920 E.
156 884 248 924 183.
272 880 319 920 F.
358 877 632 931 ψευδόμενος,
666 874 976 925 διαλανθάνων,
1011 874 1230 929 Ἠλέκτ9α,
1264 881 1553 933 ἐγκεκαλυμμέ-

79 953 174 986 νος,
209 939 411 989 σωρείτης,
442 938 648 989 κερατίνης
668 944 709 973 et
729 931 946 987 φαλακρός.
982 944 1024 973 et
1046 934 1159 988 apud
1180 935 1284 974 Plut.
1305 938 1333 975 l.
1358 951 1391 976 c,
1414 934 1551 990 ἀργός.

81 1005 189 1046 quae
212 993 352 1032 omnia
374 993 553 1046 Logicis
587 991 724 1029 fusius
759 989 1014 1044 explicanda
1043 991 1336 1046 relinquimus.
1376 993 1428 1033 V.
1457 992 1553 1033 Cre⁴

79 1048 171 1089 soll.
193 1051 283 1087 AG.
305 1049 343 1086 X
359 1081 369 1098 ‚
393 1054 460 1091 70.
493 1049 661 1087 somn.

192 1105 297 1145 Ihisl.
326 1102 717 1160 Ἐγκεκαλυμμένον)
750 1104 914 1143 Auctor
941 1102 1070 1157 hujus
1105 1103 1273 1143 Cronus
1303 1104 1551 1155 Diodorus,

80 1171 185 1201 teste
207 1163 373 1215 Diogen.
404 1162 540 1203 La'c'rt.
574 1176 610 1214 p.
631 1166 697 1204 60.
726 1161 756 1199 f.
791 1160 986 1198 meminit
1018 1171 1059 1199 et
1080 1161 1206 1210 alibi,
1240 1172 1289 1199 ut
1316 1168 1406 1205 174.
1430 1164 1478 1204 E.
1510 1173 1553 1202 et

79 1224 174 1261 212.
208 1219 294 1257 BC.
349 1218 424 1256 ubi
461 1218 616 1256 librum
650 1233 672 1256 a
704 1217 950 1269 Chrysippo
995 1216 1046 1255 de
1076 1231 1126 1257 eo
1169 1218 1371 1270 scriptum
1404 1219 1548 1258 tradit.

79 1276 197 1313 Hinc
221 1274 347 1313 credo
371 1274 543 1313 ductum
568 1289 720 1314 nomen
746 1274 915 1311 fabulae
936 1273 1154 1327 Antkippi,
1189 1289 1312 1329 quam
1347 1285 1552 1314 memorat

80 1332 225 1372 Athen.
248 1337 344 1376 403.
372 1332 420 1371 E.
455 1329 811 1385 ἐγκαλυπτόμενος.
856 1330 1023 1370 SOLAN.

138 1390 141 1392 ’
192 1388 289 1440 Pag.
317 1393 408 1430 117.
428 1390 455 1428 l.
474 1393 536 1430 14.
576 1387 630 1428 To}
643 1392 779 1441 πρῶτα
800 1383 900 1426 κατὰ
918 1384 1062 1440 φύσιν)
1096 1386 1334 1426 Notaverat
1353 1390 1403 1428 cl.
1428 1388 1552 1427 Hem-

77 1445 191 1484 sierh..
224 1445 275 1482 ad
308 1458 435 1498 marg.
465 1443 526 1484 ed.
552 1444 702 1485 GraeV.
725 1444 860 1483 Daris.
897 1442 947 1480 ad
980 1442 1058 1483 Cic.
1089 1445 1216 1482 Tusc.
1245 1445 1372 1497 Disp.
1402 1446 1455 1484 L.
1495 1447 1549 1486 V.

79 1516 119 1555 p.
140 1504 236 1546 365.
260 1499 323 1538 ed.
348 1506 387 1543 2.
430 1501 539 1540 Sunt
560 1511 697 1539 autem
720 1499 847 1538 verba
876 1498 1092 1548 Ciceronis,
1127 1514 1234 1552 quae
1259 1500 1309 1538 ad
1336 1503 1553 1540 illustran-

80 1558 177 1596 dum
202 1557 424 1596 Lucianum
446 1557 637 1596 faciunt:
671 1556 788 1595 Nihil
808 1556 949 1594 bonum
965 1588 973 1604 ‚
1008 1558 1085 1594 nisi
1112 1558 1348 1596 vacuitatem
1369 1557 1518 1597 doloris
1533 1589 1546 1607 ,

79 1625 122 1654 ut
143 1614 432 1664 Hieronymus:
461 1613 577 1652 Nihil
598 1613 762 1661 bonum,
795 1615 871 1650 nisi
890 1623 1052 1650 naturae
1080 1615 1219 1666 primis
1243 1612 1354 1652 bonis
1376 1625 1444 1652 aut
1465 1631 1552 1654 om·-

78 1670 192 1710 nibus
210 1681 277 1709 aut
296 1672 487 1709 maximis
499 1671 596 1724 frui
617 1679 696 1709 etc.
758 1669 844 1706 Ubi
873 1669 1010 1706 Daris.
1043 1669 1235 1721 pluribus
1266 1669 1549 1717 demonstrat,

77 1742 153 1781 per
172 1729 303 1780 prima
322 1738 485 1765 naturae
506 1725 741 1777 significari
765 1740 903 1763 sanam
933 1736 1093 1762 mentem
1110 1756 1120 1773 ‚
1153 1724 1410 1764 valetudinem
1425 1743 1550 1779 pros—-

75 1800 208 1838 peram
228 1794 262 1821 et
280 1786 314 1822 si
340 1799 418 1837 qua
438 1781 597 1822 similia».
632 1783 793 1821 RmTz.
857 1781 1132 1820 scribendum
1169 1781 1349 1831 primum
1382 1793 1469 1820 erat
1500 1781 1549 1824 τὰ

78 1845 216 1893 πρῶτα
237 1838 284 1880 τὰ
305 1839 401 1880 nard
427 1837 565 1888 φύσιν.
600 1839 760 1893 quippe
783 1835 943 1876 excidit
966 1838 1184 1874 Articulus
1215 1837 1266 1876 ob
1291 1838 1550 1890 praeceden-

80 1897 136 1936 tis
162 1895 279 1936 vocis
310 1895 512 1947 syllabam
545 1906 785 1933 extremam.
845 1893 1018 1932 Deinde
1038 1892 1357 1948 καταγενήσομαι
1394 1905 1549 1935 temere

80 1951 340 1993 describenti
359 1951 536 1990 librario
567 1950 764 2000 debetur,
799 1949 875 2004 qui
906 1963 1005 2003 prae
1026 1950 1153 1989 modo
1184 1953 1291 1988 lecta
1315 1951 1550 2004 Praeposi-

77 2011 198 2049 tione
221 2007 319 2050 κατὰ
342 2010 536 2062 neglecto
564 2007 772 2047 vocabulo
801 2006 886 2049 τότε
906 2008 1020 2045 illam
1047 2008 1090 2045 in
1118 2006 1245 2057 hujus
1268 2010 1408 2046 locum
1442 2007 1551 2046 sub-

80 2066 304 2106 stituisset.
365 2063 446 2103 Sed
470 2074 642 2104 tuentur
661 2062 744 2105 τότε
767 2061 903 2103 Codd.
926 2069 1050 2106 3011.
1084 2072 1124 2102 et
1151 2063 1266 2102 Gorl.
1327 2063 1417 2104 Jam
1442 2064 1550 2117 quid

82 2122 166 2160 sibi
187 2123 293 2161 velit
323 2120 619 2174 Chrysippus,
654 2119 767 2158 haud
799 2119 1022 2159 obscurum
1059 2129 1142 2163 est,
1177 2119 1303 2156 modo
1339 2120 1470 2168 scias,
1501 2120 1548 2158 id

83 2178 198 2232 quod
221 2187 388 2218 constat
403 2209 413 2227 ‚
446 2176 544 2219 εἶναι
569 2192 600 2216 s,
621 2179 810 2231 γενέσθαι.
832 2179 976 2228 περίτι
1000 2191 1086 2216 esse.
1104 2178 1251 2214 versari
1275 2177 1315 2213 in
1333 2175 1470 2230 aliqua
1493 2193 1544 2225 re,

80 2252 193 2289 agere
208 2234 388 2289 aliquid‚·
418 2233 531 2288 quod
554 2233 663 2272 idem
687 2243 727 2272 et
751 2233 902 2272 Versio
933 2233 1089 2271 Latina
1109 2263 1118 2279 ‚
1165 2231 1289 2269 modo
1324 2231 1546 2270 obscurius

82 2295 243 2345 paullo,
273 2291 498 2343 expressit.
557 2289 834 2344 Longissime
853 2289 1064 2327 aberravit
1083 2288 1263 2337 Βσῖὶηυς,
1296 2291 1430 2339 ejecto
1453 2291 1546 2340 περὶ

82 2349 143 2387 sic
164 2351 326 2401 legens:
367 2347 420 2387 Tc}
436 2351 570 2398 πρῶτα
591 2350 668 2387 τῶν
688 2345 786 2387 κατὰ
807 2345 930 2394 φύσιν
953 2345 1037 2387 τότε
1061 2344 1304 2398 γενύσοιιαι,
1338 2355 1376 2382 et
1403 2346 1548 2398 expli-

85 2418 205 2444 cans:
230 2406 473 2457 j'occnpemi
493 2402 599 2442 alors
618 2403 658 2442 la
683 2404 867 2456 premiere
884 2402 1000 2456 place
1028 2402 1125 2439 (lans
1149 2401 1201 2440 les
1222 2401 1325 2439 biens
1345 2400 1390 2438 (lc
1409 2400 1448 2440 ἷα
1466 2418 1547 2440 ηα-

83 2471 178 2500 iure.
242 2460 450 2500 Videlicet
473 2461 693 2498 audiverat
715 2460 749 2498 is
768 2460 930 2512 aliquid
954 2459 1003 2498 de
1025 2460 1246 2497 locutione
1267 2456 1313 2497 τὰ
1332 2462 1467 2509 πρῶτα
1483 2476 1550 2512 γε-

83 2519 248 2564 νέσθαι,
288 2531 368 2570 qua
401 2526 442 2555 et
474 2517 616 2555 Noster
647 2517 804 2554 alicubi
839 2530 937 2554 usus
966 2524 1048 2560 est;
1094 2514 1164 2553 sed
1198 2528 1283 2552 non
1314 2515 1545 2567 cogitavit,

84 2573 126 2613 h.
148 2576 177 2612 l.
203 2587 289 2611 non
309 2572 499 2625 potuisse
522 2572 806 2625 Chrysippum
833 2587 876 2611 se
895 2573 1029 2624 ipsum
1057 2572 1188 2608 facere
1213 2571 1258 2610 τά
1278 2575 1434 2622 πρῶτα,
1470 2573 1546 2624 qui

87 2629 288 2682 deinceps
316 2628 418 2667 haec
436 2631 567 2682 prima
596 2640 758 2668 naturae
782 2630 873 2682 ipse
904 2638 1136 2677 enumeiet‚
1168 2627 1339 2668 πλοῦτον
1366 2628 1542 2672 scilicet,

85 2696 126 2725 et
152 2700 258 2739 quae
277 2695 522 2739 sequuntur.
582 2687 732 2739 Neque
754 2689 878 2726 etiam
901 2687 992 2737 περὶ
1018 2694 1100 2722 tam
1123 2684 1339 2722 temeraria
1367 2685 1544 2723 levitate

88 2743 187 2795 ejici
213 2741 386 2781 debuit:
420 2742 635 2795 quomodo
657 2743 768 2781 enim
789 2742 896 2781 illud
922 2740 1141 2781 verborum
1163 2741 1260 2781 κατὰ
1280 2738 1404 2792 φύσιν
1428 2742 1544 2795 glos-
