1781 3174
202 225 310 273 558
550 234 1312 266 ADNOTATIONES

201 348 340 376 tamen
372 343 414 373 et
447 336 574 387 longe
608 331 749 384 aptius
777 331 967 370 Veritatis
997 331 1167 371 asseclas
1194 330 1363 375 dixeris,
1422 332 1658 372 Probabunt

202 396 372 446 itaque,
405 401 470 429 sat
499 390 613 436 scin,
657 388 739 426 viri
774 387 892 426 docti
923 399 964 427 et
997 389 1300 441 elegantiarum
1335 400 1592 442 spectatores
1622 401 1660 428 et

201 459 417 489 exactores
447 446 610 484 strenui
634 454 819 482 nostram
852 444 1203 483 emendationem.
1264 446 1343 483 His
1367 449 1447 499 jam
1478 446 1663 497 scriptis,

202 507 327 544 etiam
355 504 475 543 MSS.
500 501 635 541 Codd.
663 501 957 538 auctoritatem
986 500 1182 539 accedere
1216 502 1366 552 video,
1402 503 1457 540 ita
1478 503 1589 542 enim
1621 502 1687 539 in'

200 564 247 602 P.
266 573 304 599 et
321 562 373 600 L.
412 560 583 598 Verimti
606 559 709 596 haec
731 556 994 596 tribuuntur.
1029 557 1198 598 SOLAN.
1258 558 1544 597 Probabiliter
1563 558 1666 596 haec

201 634 221 656 a
247 617 396 656 Solane
424 611 660 666 disputata,
696 627 782 650 non
813 623 948 652 tamen
984 612 1204 652 sufficiunt
1228 614 1276 652 ad
1304 616 1437 653 totius
1464 615 1548 653 loci
1573 615 1665 652 for-

198 689 302 712 mam
332 673 557 726 genuinam
584 669 899 708 restituendam.
962 670 1061 708 Non
1085 673 1220 707 solum
1249 670 1352 710 haec
1376 671 1525 720 verba,
1560 685 1666 724 quae

199 734 329 783 vulg-{0
376 727 652 781 Philosophiae
692 725 1058 764 adscribebantur:
1096 725 1328 773 ‘'Emotiov,
1374 722 1404 768 ὦ
1432 724 1666 778 Ἐλευθερία

199 798 275 827 etc.
322 785 492 824 Ver-irati
514 784 655 834 potius
688 781 963 819 adscribenda
985 792 1126 825 erant,
1157 783 1226 820 sed
1255 798 1306 822 ex
1334 783 1481 822 iisdem
1506 784 1664 821 caussis

200 844 324 882 etiam
347 856 417 889 ea,
451 854 558 892 quae
587 850 708 877 antea
740 837 882 876 eadem
916 839 985 875 illa
1010 838 1264 891 Philosophia
1293 839 1452 878 dixisse
1475 839 1665 884 tradeba-

199 911 291 938 tur:
331 895 490 940 Οὐκοῦν
515 894 720 949 ἐπάγωμαι
736 904 815 933 etc.
842 909 933 931 nam
957 898 1206 946 compellata
1228 894 1353 934 modo
1375 897 1512 935 fuerat
1547 897 1664 934 Veri-

198 968 259 995 tas
281 955 370 993 sive
404 968 423 991 a
457 951 761 1004 Philosophia,
796 950 885 988 sive
906 965 927 988 a
951 951 1169 998 Lucieno,
1206 962 1247 990 et
1266 961 1436 1005 rogata,
1467 962 1516 990 ut
1539 953 1663 990 ades-

198 1023 260 1051 set
282 1011 460 1064 judicio,
496 1024 581 1046 non
610 1017 775 1060 poterat
797 1021 882 1044 nou
906 1021 976 1054 ea,
1013 1010 1219 1059 quaejam
1242 1008 1568 1059 respondentur,
1601 1022 1663 1046 re-

196 1068 440 1120 spondiSse:
476 1067 575 1103 Tum
598 1080 684 1102 vero
706 1080 781 1102 non
805 1063 930 1102 solum
952 1066 1038 1116 ipsa
1056 1066 1219 1114 veniam,
1244 1064 1312 1102 sed
1330 1064 1530 1103 adducam
1548 1066 1665 1102 etiam

182 1123 371 1179 samuZas
399 1139 516 1161 meas.
579 1122 670 1161 Jam
707 1120 854 1159 verba:
883 1117 988 1160 Ἀλλ’
1017 1117 1138 1171 ἡμῖν,
1173 1116 1203 1161 ὦ
1226 1119 1435 1173 Ἀλήθεια,
1470 1123 1510 1162 ἐν
1536 1123 1664 1162 δέοντι

196 1180 447 1230 ξυνδικάζοις
466 1176 514 1218 ἂν
539 1187 616 1216 εἰς,
640 1176 793 1230 quibus
815 1177 995 1215 maxime
1019 1176 1068 1214 ad
1086 1177 1275 1216 Veritatis
1295 1177 1477 1216 dictum:
1512 1175 1663 1218 οὐδὲν

197 1243 218 1279 ὁ
233 1240 280 1279 ἑο
295 1255 319 1289 μ
332 1254 378 1276 αι
402 1247 479 1273 etc.
497 1233 912 1286 1·espondetur‚nullo
932 1233 1057 1270 modo
1073 1247 1091 1270 a
1107 1234 1300 1272 Luciano
1316 1233 1398 1271 dici
1414 1243 1660 1286 potuerunt,

194 1296 279 1332 nisi
305 1293 567 1345 aliquantam
598 1289 804 1340 ineptiam
831 1290 993 1327 auctori
1019 1290 1203 1329 tribuere.
1230 1289 1359 1329 velis:
1391 1305 1484 1328 narn
1511 1304 1661 1344 magna

194 1350 396 1404 quaedam
420 1352 498 1401 jam
521 1361 594 1398 per
614 1360 655 1384 se
678 1346 833 1383 inesset
855 1345 1095 1397 arrogantia
1120 1346 1163 1383 in
1180 1347 1338 1384 Plurali
1357 1344 1465 1398 ἡμῖν,
1485 1348 1519 1384 si
1544 1356 1658 1383 nunc

195 1407 362 1459 quidem
397 1405 433 1442 is
465 1417 516 1441 ex
548 1417 618 1440 ore
641 1401 828 1438 Luciani
859 1402 1225 1453 proficisceretur3
1261 1413 1302 1441 et
1326 1403 1450 1441 modo
1474 1402 1657 1441 Philoso-

190 1463 288 1516 phin
311 1462 400 1510 περὶ
416 1459 493 1501 τῶν
515 1456 714 1510 ἡμετέρων
746 1456 899 1495 diserte
921 1461 1064 1495 locuta
1085 1457 1238 1496 fuerat.
1299 1459 1450 1511 Neque
1473 1473 1493 1496 a
1517 1459 1654 1510 polito

193 1513 380 1556 auctoris
421 1515 585 1569 judicio
624 1513 861 1565 exspectari
900 1522 1065 1563 potest,
1112 1513 1283 1553 finxisse
1314 1529 1408 1553 eum
1441 1515 1656 1553 Veritatem

192 1575 278 1627 ipsi
301 1574 446 1626 potius
483 1570 718 1619 cedentem,
752 1583 875 1621 quam
896 1569 1170 1622 Philosophiae
1199 1570 1403 1610 hortanti.
1463 1571 1597 1624 Atqui
1619 1570 1656 1608 si

192 1631 297 1669 haec
319 1629 594 1680 Philosophiae
630 1626 901 1675 tribuuntur,
937 1627 1172 1664 necessario
1193 1626 1341 1674 etiarn,
1374 1642 1478 1681 quae
1502 1626 1656 1666 deinde

190 1697 448 1738 sequuntur:
485 1685 564 1724 Καὶ
587 1680 691 1735 μάλα
714 1678 867 1729 ὁπόσας
886 1681 935 1722 ἂν
952 1683 1113 1733 ἐθέλῃς,
1148 1682 1370 1721 tribuenda
1389 1693 1495 1721 -sunt
1520 1682 1656 1722 eidem

190 1743 479 1794 Philosophiae.
542 1741 598 1778 Et
615 1739 675 1777 sic
705 1741 786 1790 jam
811 1738 1016 1789 prodierit
1038 1740 1108 1775 illa
1137 1737 1222 1776 loci
1246 1739 1403 1789 forma,
1435 1749 1476 1778 et
1495 1740 1567 1778 ille
1587 1742 1658 1777 lo-

192 1799 417 1852 quentium
453 1796 580 1845 ordo,
623 1810 744 1850 quem
775 1804 917 1832 textus
945 1793 1092 1833 Reitzii
1117 1794 1484 1848 recentiorumque
1513 1795 1658 1835 edito-

189 1871 282 1894 rum
304 1855 503 1901 exhibet,
539 1853 699 1905 quique
720 1852 893 1903 insuper
916 1850 1028 1888 haud
1056 1851 1260 1888 vilissima
1278 1850 1486 1889 Codicum
1509 1861 1655 1889 aucto-

189 1912 315 1950 ritate
336 1911 502 1948 nititur.
534 1907 831 1961 Imprudenter
854 1907 1034 1946 forsitan
1059 1907 1231 1957 factum,
1245 1907 1358 1960 quod
1380 1908 1424 1945 in
1447 1907 1658 1959 interpre-

189 1969 354 2007 tatione
380 1966 560 2013 Latina,
591 1964 766 2017 reliquis
796 1963 876 2012 ita,
912 1974 958 2000 ut
981 1973 1122 2002 textus
1153 1964 1374 2002 restitutus
1397 1964 1655 2017 postulabat,

190 2024 431 2077 dispositis,
466 2032 604 2060 tamen
641 2020 788 2059 verba:
817 2016 918 2060 Ἀλλ’
951 2016 1068 2070 ἡμῖν,
1103 2016 1135 2059 ni
1153 2017 1341 2070 Ἀλήθεια
1363 2030 1439 2061 etc.
1463 2034 1572 2069 non,
1605 2030 1656 2059 ut

187 2096 264 2134 par
296 2090 406 2125 erat,
439 2078 734 2131 Philosophiae,
768 2075 840 2114 sed
872 2077 1075 2123 Lucieno,
1109 2075 1321 2129 adscripta
1351 2087 1484 2118 erant.
1554 2076 1654 2130 Quo

188 2151 328 2177 errore
354 2137 479 2175 etiam
509 2133 752 2174 IVielancZins
772 2133 941 2170 incaute
966 2148 1007 2171 se
1031 2133 1167 2184 abripi
1191 2147 1333 2184 passus
1358 2142 1432 2174 est.
1491 2133 1656 2172 Belinus·

189 2203 330 2232 autem
352 2193 394 2230 in
415 2191 610 2232 versione
630 2205 704 2228 sua
720 2218 729 2234 ,
763 2190 908 2227 nescio
933 2204 1014 2242 qua
1038 2190 1204 2227 ratione
1227 2189 1391 2238 ductus,
1425 2199 1654 2241 utrumque

187 2264 443 2297 sermonem,
479 2257 521 2285 et
552 2247 693 2285 illum:
722 2243 826 2286 Ἀλλ’
859 2242 956 2299 ἡμῖν
979 2256 1058 2287 etc.
1089 2255 1131 2285 et
1163 2246 1298 2284 hunc:
1331 2246 1412 2287 Καὶ
1438 2245 1540 2297 μάλα
1571 2256 1650 2285 etc.

185 2306 373 2344 Luciani
394 2304 515 2344 fecit.
554 2304 712 2341 me.

299 2362 409 2401 Emi.
431 2364 455 2399 l.
475 2366 513 2404 8.
550 2357 788 2412 ΝῙηόαμῶς)
819 2360 971 2397 Parum
1003 2358 1216 2398 modestus
1249 2358 1321 2396 hic
1343 2357 1540 2409 Sophista
1565 2371 1651 2396 no-

186 2427 291 2467 ster,
324 2428 371 2456 ut
400 2427 490 2456 toto
521 2417 608 2455 fere
636 2417 832 2470 dialogo:
867 2415 992 2453 nimis
1013 2417 1058 2453 in
1092 2416 1210 2453 illum
1238 2415 1378 2453 statim
1411 2414 1650 2466 propendet

183 2473 493 2527 Philosophia:
525 2473 650 2511 nimis
672 2474 744 2511 ille
766 2471 964 2511 adversus
990 2486 1077 2509 eam
1097 2482 1297 2521 nasutus,
1328 2470 1454 2508 nimis
1483 2472 1553 2508 illa
1576 2484 1649 2523 pa-

183 2530 320 2569 tiens:
366 2530 544 2568 nimium
574 2529 694 2567 stulti
727 2531 945 2578 Socrates,
979 2529 1122 2577 Plato,
1155 2527 1295 2566 ceteri.
1368 2527 1508 2564 Etiam
1537 2525 1646 2565 illud.

182 2599 328 2637 parum
354 2586 554 2637 provide,
591 2585 706 2639 quod
726 2584 922 2623 Libertas
942 2594 982 2622 et
1002 2583 1206 2636 loquendi
1232 2582 1434 2636 Fiducia,
1466 2583 1647 2621 ancillae

184 2650 284 2678 sunt
305 2641 628 2692 Philosophiae.
689 2642 769 2681 Sed
792 2643 893 2696 ῥ’ςέον
911 2648 1140 2694 μωμεῑσθαι.
1176 2642 1311 2680 ΟΕεΝ.

292 2697 394 2735 Eud.
426 2701 452 2735 l.
476 2702 514 2739 9.
554 2704 645 2746 Τοῖς
674 2702 860 2751 τυχοῦσιῚ
894 2699 1068 2736 Versum
1099 2706 1207 2744 erat,
1236 2696 1436 2750 jot-mitis.
1498 2695 1641 2739 Verte,

178 2752 427 2806 vulgaribus,
457 2755 683 2794 minoribus.
744 2754 814 2792 Sic
845 2756 888 2792 in
915 2755 1012 2793 Act.
1037 2754 1181 2806 Apost.
1202 2746 1416 2800 XXVIII,
1450 2757 1490 2795 2.
1524 2753 1574 2792 Οἱ
1602 2750 1644 2791 δὲ
