1781 3174
434 234 562 276 ‚IN
633 231 1119 266 1‘1scA'ronEM.
1434 222 1534 274 595

177 332 280 375 Εαᾶ.
303 335 330 375 l.
356 335 421 378 18.
455 332 572 383 EA.)
602 331 795 372 Confusa
815 331 887 371 hic
912 341 1032 372 erant
1051 333 1218 374 omnia:
1248 347 1388 390 neque
1409 351 1531 391 opem

63 395 192 432 ullam
227 391 272 428 in
309 389 523 443 impressis
554 388 889 430 inveniebamus.
957 388 1072 428 Illud
1103 395 1193 432 ΕΛ.
1226 405 1279 430 ex
1314 393 1356 434 P.
1386 394 1530 435 omnia

64 458 198 488 sanat.
235 447 401 485 SOLAN.
461 445 554 484 Imo
577 445 700 484 valde
723 459 893 495 vereor,
926 460 979 486 ne
1001 446 1145 486 turbas
1168 448 1348 489 auxerit.
1381 450 1530 504 Quor-

62 520 153 544 sum
174 503 337 542 Elenclzi
356 501 407 540 ad
428 500 510 540 hoc
536 502 754 556 negotium
779 501 909 553 fictio,
944 502 978 541 si
1004 514 1221 555 quaereret
1245 504 1304 555 id,
1338 505 1389 544 ad
1412 506 1528 560 quod

63 558 336 614 aperiendum
363 557 490 596 unice
515 558 606 611 ipse
640 557 690 596 ab
720 568 894 598 auctore
931 557 1146 599 adsumtus
1178 561 1358 615 cogitari
1388 561 1526 603 debet.

61 618 226 666 Miror,
258 615 515 654 recentiores
538 625 579 654 et
603 614 809 664 editores,
842 625 884 653 et
906 615 1173 666 interpretes,
1207 617 1258 656 ad
1279 633 1411 658 unum
1434 633 1528 659 om·-

62 688 136 713 nes
162 672 272 711 hanc
300 671 506 710 rationem
539 674 754 724 amplexos
787 685 890 712 esse.
952 672 1239 713 Tolerabilior
1268 679 1428 724 multo,
1460 691 1527 716 me

63 728 233 784 quidem
263 727 430 781 judice,
464 728 549 766 fuit
582 737 749 767 vetusta
778 727 850 765 illa
883 728 1018 778 ratio,
1054 743 1176 782 quam
1203 731 1328 770 etiam
1349 732 1398 774 A,
1423 737 1460 776 1.
1484 738 1524 777 2.

61 787 112 825 B.
137 792 174 829 1.
197 794 390 824 tuentur:
427 798 507 837 qua
530 784 677 824 verba:
707 809 763 814 --
792 780 1057 826 ἆνασπάσθω.
1095 789 1154 834 τίς
1173 787 1301 838 ἔστινς
1333 785 1527 830 ὁπλατω-

61 840 177 891 νικὸς
201 840 304 883 εἶναι
323 842 467 895 λέγων,
499 841 704 879 continua
729 855 832 879 voce
856 855 877 879 a
897 840 1170 882 Parrhesiade
1190 844 1432 887 recitantur,
1465 846 1528 886 Ut

60 900 203 938 minor
225 897 396 951 quidem
421 898 481 935 sic
505 897 710 935 sermonis
741 897 947 948 variatio,
980 898 1038 936 ita
1072 908 1210 939 tamen
1237 901 1361 939 etiam
1385 903 1526 941 minus

63 954 314 995 offensionis
340 964 442 994 erat.
501 954 663 1002 Aliam,
696 953 841 993 nescio
863 969 946 1008 quo
967 953 1074 993 duce
1097 959 1164 994 vel
1187 966 1382 1007 auctore,
1413 959 1526 998 viam

61 1013 164 1050 iniit
190 1010 507 1065 Pircklzqy'merus
535 1020 724 1049 vertens:
755 1034 811 1040 —
843 1022 959 1063 capta
991 1022 1056 1052 est.
1116 1012 1235 1065 Πίος.
1267 1015 1524 1055 Attrahatur.

63 1068 251 1119 Quisnam
272 1067 357 1106 est?
397 1067 536 1105 Pam-h.
562 1066 808 1105 Platonicum
827 1084 866 1105 se
886 1071 1033 1107 asserit.
1098 1068 1242 1121 Quae,
1277 1069 1374 1108 dum
1395 1072 1525 1110 modo

59 1139 83 1165 e
105 1123 208 1164 Cod.
228 1124 273 1162 P.
300 1124 342 1160 in
365 1122 664 1161 Parrhesiadae
686 1123 984 1176 respondentis
1007 1127 1148 1163 locum
1172 1125 1354 1165 Elenchi
1380 1141 1525 1181 perso-

59 1196 136 1231 na,
170 1181 328 1233 quippe
350 1194 428 1217 nec
451 1179 522 1217 hic
542 1180 702 1229 otiosa,
736 1181 1056 1228 transferretur,
1089 1181 1215 1221 unice
1241 1192 1378 1233 recta,
1412 1193 1526 1223 certe

62 1238 252 1276 omnium
290 1235 650 1285 commodissima,
691 1235 797 1273 mihi
827 1237 937 1274 ratio
973 1251 1061 1276 esse
1093 1236 1326 1280 videbatur.
1395 1239 1526 1278 Haud

59 1296 189 1347 longe
231 1291 360 1331 distat
402 1292 642 1331 Schmiecleri
675 1295 942 1345 conjectura,
999 1292 1095 1346 qui,
1138 1294 1334 1347 ignaru8‚
1385 1295 1524 1345 credo,

58 1350 391 1404 Pit-clrlzqymeriae
424 1348 657 1398 versionis,
703 1362 912 1401 suumque
949 1358 1113 1387 tantum
1142 1364 1309 1388 sensum
1339 1361 1523 1401 secutus,

59 1409 204 1445 mallet
222 1406 278 1443 ita
302 1419 502 1458 personas
523 1404 744 1443 distribui:
777 1410 891 1459 Λιογ.
913 1408 979 1453 Τίς
998 1406 1126 1456 ἐστινς
1158 1411 1226 1448 Et.
1245 1403 1298 1447 ΓΟ
1320 1413 1528 1448 Πλατωνι-

61 1461 134 1512 κὸς
163 1461 265 1503 εἶναι
294 1462 430 1516 λέγων.
490 1461 541 1499 In
572 1460 770 1514 sequenti
790 1475 982 1501 sermone
1008 1462 1197 1501 faciliori
1222 1477 1349 1516 opera
1371 1467 1438 1504 vel
1458 1474 1527 1504 te-

61 1518 224 1567 nenda,
258 1521 324 1557 vel
345 1517 625 1563 invenienda,
658 1527 747 1555 erat
765 1532 860 1556 vera
883 1516 1240 1570 disponendarum
1260 1521 1445 1572 partium
1464 1535 1526 1560 ra-

60 1576 139 1615 tio.
199 1574 292 1614 Nec
325 1584 435 1623 erat,
479 1573 593 1628 quod
626 1588 646 1611 a
677 1573 890 1612 Reitziana
919 1575 1076 1625 forma,
1112 1589 1236 1629 quam
1263 1577 1524 1628 posteriores

60 1631 197 1673 Editt.
221 1631 504 1685 repetierunt,
535 1629 837 1669 recederemus.
868 1631 1027 1671 me.

172 1711 379 1764 Pag.185.
404 1713 480 1751 1.1.
520 1710 564 1749 Τι’
583 1705 696 1765 φῂς)
729 1714 822 1749 ΕΛ.
846 1709 900 1748 L.
933 1708 1129 1762 Impressi
1154 1711 1350 1764 plerique
1365 1714 1528 1754 ΠΑΡΡ.

59 1769 122 1811 Fl.
147 1772 200 1808 Π.
227 1777 406 1805 tantum.
450 1766 547 1803 Sola
569 1765 605 1803 J.
629 1765 693 1804 ed.
718 1765 851 1804 eidem
878 1764 1052 1813 tribuit,
1085 1777 1210 1806 recte.
1243 1768 1412 1807 SOLAN.

178 1832 334 1874 Eadjl.
359 1838 397 1876 4.
424 1832 495 1881 Ὡς
516 1830 564 1872 ὃν
586 1834 627 1873 ἐν
656 1837 775 1888 βυθῷ
795 1831 917 1882 δόξειε
935 1837 1117 1875 ποικίλον
1136 1832 1211 1885 τὴν
1232 1831 1375 1888 χρόαν)
1406 1835 1528 1885 Bene-

62 1892 213 1940 (lictus,
248 1906 295 1929 ac
313 1893 347 1929 si
365 1893 404 1928 in
423 1889 625 1944 profundo
644 1892 746 1928 varii
763 1890 905 1928 coloris
926 1901 1126 1943 appareat.
1169 1891 1256 1944 Qui
1279 1905 1425 1929 sensus
1450 1906 1528 1931 nec

62 1949 166 1988 huic
191 1951 288 1986 loco
316 1960 551 2000 congruus,
587 1960 663 1984 nec
686 1960 761 1998 pro
783 1961 907 1985 sensu
939 1946 1083 1986 haberi
1104 1957 1262 2000 potest,
1294 1962 1387 1985 cum
1414 1947 1526 1986 nihil

63 2005 167 2044 boni
195 2003 382 2043 denotet.
417 2000 533 2054 Quid
559 2002 668 2040 enim
695 2002 734 2039 id
761 2001 855 2041 est?
889 2012 960 2040 aut
981 2017 1030 2040 an
1056 2003 1097 2040 id
1121 2003 1211 2041 fieri
1233 2003 1369 2042 solet?
1402 2004 1526 2043 Prior

64 2061 293 2113 interpres,
326 2058 445 2097 veluti
465 2061 501 2096 in
519 2058 720 2112 prcffundo
746 2069 906 2111 apparet
926 2059 1055 2097 colore
1073 2062 1195 2108 vario,
1228 2073 1380 2112 easque
1402 2073 1527 2099 voces

66 2116 251 2155 includit
275 2114 539 2168 parenthesi,
574 2115 684 2153 unde
709 2125 825 2166 patet
854 2129 946 2153 enm
970 2129 1123 2154 errasse
1144 2115 1185 2152 in
1210 2130 1340 2168 scopo
1365 2125 1406 2154 et
1429 2130 1526 2154 vera

65 2172 364 2226 intelligentia.
427 2171 573 2219 Verte,
606 2171 848 2209 accedentem
878 2170 1009 2219 video,
1039 2182 1155 2224 prout
1178 2174 1217 2209 in.
1237 2171 1437 2227 profundo
1459 2173 1528 2210 ‘vi-

67 2230 226 2276 deutur,
259 2231 410 2267 varium
439 2226 578 2266 colore.
639 2227 793 2266 Sedere
818 2226 926 2266 enim
963 2227 1138 2280 fingitur
1171 2228 1213 2265 in
1244 2227 1370 2265 muris
1402 2228 1524 2275 arci5‚

65 2285 180 2324 unde
208 2284 446 2337 despiciens
473 2284 555 2331 ait,
591 2293 794 2335 quantum
828 2298 880 2322 ex
910 2282 1109 2321 distantia
1135 2284 1256 2322 istius
1281 2282 1526 2322 altitudinis

67 2342 256 2396 judicare
292 2351 457 2392 posset,
492 2353 535 2376 se
555 2338 696 2378 videre
719 2339 902 2392 aliquem
935 2340 1112 2378 varium.
1174 2342 1256 2379 Res
1277 2339 1366 2392 ipsa
1390 2339 1526 2386 docet,

70 2399 213 2438 Gnox.
276 2397 447 2435 Salanus
466 2396 700 2433 versionem
726 2395 946 2448 pristinam
969 2395 1027 2434 sic
1050 2406 1309 2436 correxerat:
1341 2395 1390 2434 Et
1409 2412 1530 2450 quan-

68 2465 148 2493 ium
169 2456 207 2492 in
226 2452 428 2509 profundo
450 2468 597 2491 cernere
616 2462 690 2500 cst,
726 2466 811 2489 non
836 2453 992 2504 inepte.
1031 2453 1196 2492 Rm'rz.

183 2531 285 2570 Eacl.
308 2534 334 2568 l.
364 2535 426 2574 14.
466 2528 573 2571 'Am'
600 2526 651 2581 ἦν
682 2527 802 2579 ἰδοῦ)
840 2530 906 2567 Ex
940 2530 1075 2570 Sclzol.
1107 2542 1148 2570 et
1180 2531 1239 2572 Fl.
1264 2531 1529 2584 reposuimus

72 2603 150 2644 pro
172 2590 287 2641 vulg.
307 2582 392 2627 ἀλλ’
415 2590 519 2636 ἰδοῦ,
544 2586 656 2640 quod
677 2588 800 2626 etiam
822 2586 864 2623 in
888 2587 931 2626 Ρ.
955 2596 1028 2625 est.
1062 2587 1158 2626 Vid.
1181 2588 1276 2628 init.
1299 2588 1527 2628 Anachars.

74 2646 246 2685 SOLAN.
308 2643 428 2682 Adde
447 2644 744 2681 Dian.Mortt.
760 2643 812 2691 X,
832 2648 896 2685 10.
918 2641 1062 2696 ibique
1085 2653 1173 2685 not,
1197 2643 1240 2682 in
1257 2644 1374 2684 Varr.
1389 2646 1530 2683 Lectt.

75 2703 173 2741 Hoc
190 2704 286 2739 loco
310 2710 351 2738 et
370 2699 516 2739 Codex
537 2704 657 2743 2954.
678 2698 932 2754 suffragatur
951 2700 1160 2753 genuinae
1183 2700 1386 2749 lectioni,
1409 2714 1530 2754 quam

77 2757 174 2798 ideo
192 2758 317 2797 etiam
340 2755 501 2799 Belinus
521 2756 744 2810 probavit,
775 2765 817 2796 et
841 2755 1109 2796 Schmieclerus
1124 2757 1298 2810 recepit.
1330 2757 1488 2797 [ιε-ΠΜ.
1517 2776 1534 2784 ·-

1124 2814 1259 2867 Ppa
