1781 3174
473 204 476 207 ·
521 202 585 235 IN
625 200 1127 236 NECYOMANTIAM.
1457 194 1557 241 403

202 304 306 345 Eacl.
338 307 367 347 1
397 308 438 346 2.
473 298 538 343 ‘H
570 301 774 355 Χίμαιρα)
817 302 1016 354 Χίμαιρα,
1054 303 1281 355 τρίμορφον
1313 305 1488 358 θηρίον,
1533 303 1558 349 ὃ

89 361 271 416 πρόσθεν
290 361 359 415 μὲν
379 362 500 409 λέων,
522 359 645 410 μέσον
666 357 705 398 δὲ
718 359 903 412 χίμαιρα,
924 357 1096 401 ὄπισθεν
1114 360 1155 401 δὲ
1175 356 1350 413 δρακων.
1383 361 1553 417 Hesych.

89 422 231 472 Hujus
255 416 581 468 descriptionem
605 412 772 452 viden.
799 418 842 453 Z.
883 414 1054 455 νοΒεΤ.

201 473 349 513 Ead.1.
371 477 411 514 4.
447 472 648 523 Πέιητες,
681 475 743 511 πλ.
775 471 956 522 πτωχοὶ)
991 473 1310 526 Aristophanes
1299 489 1343 512 in
1364 475 1551 517 Plutov.

87 536 181 577 552.
211 529 379 597 egregie
411 528 535 566 inter
548 524 706 578 πτωγόν
738 535 780 564 et
809 528 959 579 πένητα
990 527 1244 583 distinguit.
1285 536 1457 585 Πτωχοῦ
1480 532 1552 584 μὲν

86 606 162 644 γαρ
185 590 292 640 βίος,
321 584 368 626 ὃν
391 583 439 626 σύ
459 585 520 637 λέγ
527 600 580 632 εις
595 615 604 633 ,
633 588 701 639 ζῇν
719 584 821 624 ἔστιν
840 584 998 636 ιιηδὲν’
985 586 1136 637 ἔχοντα.
1204 590 1286 627 Τοῦ
1304 587 1347 629 δὲ
1367 589 1552 641 πένητος,

87 649 157 700 ζῃν
175 642 416 710 φειδόμενον
434 659 497 681 και
515 647 597 688 τοῖς
618 642 747 694 ε’ργοις
766 641 1019 693 προς-έχοντα.
1083 645 1394 696 Περιγίγνεσθαι
1413 642 1451 686 δ’
1483 662 1552 686 αν·

84 719 138 756 τῳ
162 700 298 752 μηὸὲν,
330 696 382 750 μὴ
406 699 538 750 μέντοι
559 695 656 749 μηδ’
676 698 901 738 ἐπιλείπειν.
960 696 1011 735 Id
1035 707 1120 745 est,
1152 699 1254 738 nihil
1275 717 1362 739 cum
1383 712 1458 752 est,
1491 704 1552 741 m.

84 758 145 796 hil
165 757 255 810 defit
274 766 414 794 tamen.
478 755 629 792 'lei-ent.
654 753 767 792 Eun.
793 755 842 794 A
865 753 922 792 Π.
951 753 1018 793 Sc.
1047 754 1114 803 ῙῙ,
1151 760 1216 799 12.
1264 757 1434 796 V.ORST

197 811 301 851 Eacl.
334 814 362 851 l.
395 816 434 854 8.
482 815 693 863 onlonoc
681 810 768 857 πές
801 812 859 859 τι)
898 809 1088 849 Eandem
1123 812 1350 852 lectionem
1389 812 1549 853 dudum

83 871 330 921 conjectura
353 867 514 905 fueram
541 866 789 912 adsecutus;
823 869 953 919 paulo
983 876 1081 918 post
1108 867 1239 905 simili
1261 870 1440 918 ratione,
1473 887 1550 922 φο-

80 925 204 981 βερόν
226 942 262 965 τι
279 924 345 965 καὶ
370 922 558 965 διάκενον
581 920 848 972 δεδορκότων·
882 922 953 960 hic
975 923 1087 961 enim
1106 924 1282 976 perinde
1304 904 1549 979 intelligen-

82 983 182 1021 dum
213 990 298 1026 est,
334 978 448 1032 quod
479 994 530 1018 ex
562 981 851 1032 προςβλὲποιεν
880 979 1008 1017 facile
1040 990 1228 1032 repetas,
1260 998 1378 1036 προς
1365 983 1546 1036 ε’,βλεπον

80 1039 266 1079 Venerat
294 1037 418 1075 etiam
453 1037 495 1073 in
527 1045 732 1081 mentem
775 1039 1063 1084 δουλοπρεπεῖς
1091 1053 1132 1078 τε
1160 1038 1227 1078 καὶ
1260 1040 1547 1086 κολακευτικοὶ,

81 1094 219 1147 quod,
254 1093 289 1130 si
321 1093 503 1144 scriptus
535 1092 692 1144 aliquis
718 1091 866 1130 Codex
896 1091 1174 1143 adspirasset‚
1206 1093 1393 1134 libenter
1424 1109 1549 1148 prae-

82 1151 298 1198 tulissem,
332 1150 427 1202 quia
463 1162 696 1201 congruere
716 1147 885 1188 videtur
915 1148 1133 1200 aptissime
1153 1164 1245 1187 cum
1272 1151 1550 1205 sequentibus

81 1211 179 1263 βαρε
184 1214 219 1255 ῑς
240 1203 326 1247 όντε
331 1222 350 1253 ς
368 1216 448 1245 etc.
509 1206 739 1258 Eleganter
761 1213 897 1242 autem
923 1204 1128 1242 orationis
1161 1205 1415 1246 animandae
1445 1222 1551 1246 cau·-

82 1278 126 1301 sa
149 1262 452 1328 interponitur
469 1277 557 1308 πως
578 1262 634 1301 oi'e
638 1277 663 1301 ι.
729 1259 887 1299 Oenom.
914 1259 1026 1312 apud
1051 1259 1190 1328 EuseJJ.
1212 1262 1358 1315 Praep.
1380 1264 1547 1318 Evang.

78 1334 121 1358 v.
149 1333 245 1373 pag.
257 1322 351 1359 214.
376 1318 423 1355 B
442 1313 545 1370 Έγω
565 1316 639 1357 οὑν
667 1333 722 1363 ως
739 1315 908 1368 ἤκουσα,
928 1333 1016 1364 πως
1036 1319 1110 1358 οἴει
1128 1313 1400 1372 ἠγανάκτησα.
1429 1319 1549 1359 Plato

80 1375 138 1427 Sy
145 1390 226 1428 mp.
247 1389 290 1427 p·
314 1378 437 1416 1203.
458 1376 506 1414 A.
529 1371 658 1425 πόσης
679 1375 734 1413 οἴε
730 1379 813 1413 σθε
837 1374 943 1424 γέμει
962 1374 1244 1428 σωφροσύνης.
1303 1375 1402 1414 Pari
1419 1375 1548 1416 modo

77 1435 164 1480 πῶς
197 1435 343 1478 δοκεῖς·
390 1428 627 1483 Theophilus
657 1427 769 1482 apud
799 1430 948 1468 Athen.
966 1429 1042 1471 XI.
1071 1446 1111 1484 p,
1141 1435 1238 1474 472.
1259 1432 1310 1474 Ε
1336 1431 1414 1471 ubi
1441 1435 1549 1472 male

76 1488 272 1529 vertitur.
306 1487 488 1524 HEMST.

189 1543 294 1584 Ibid.
334 1543 402 1594 Τι)
432 1543 487 1582 L.
514 1551 555 1582 et
577 1542 642 1580 ed.
662 1541 700 1584 J.
761 1543 812 1581 In
837 1542 932 1580 aliis
950 1559 1000 1585 τε.
1043 1543 1189 1582 Solan.

186 1599 293 1640 Ead.
324 1603 353 1639 l.
379 1604 444 1642 10.
487 1597 877 1652 Διαναπαυόμενοι)
907 1599 976 1638 Ex
1009 1601 1055 1640 P.
1086 1610 1130 1639 et
1163 1599 1226 1643 ed.
1252 1599 1361 1641 Juni·
1419 1600 1547 1641 Reli-

75 1670 183 1712 quae
206 1653 520 1708 ἀναπαυόμενοι.
581 1657 747 1698 SOLAN,

187 1713 289 1752 Eacl,
307 1717 333 1755 l
362 1718 425 1755 12.
462 1711 654 1760 Χαλεπῶς
677 1713 848 1777 ἔχοντα)
883 1711 1019 1765 Quam
1041 1712 1198 1765 frigida
1222 1713 1350 1763 haec,
1383 1721 1427 1752 et
1448 1712 1546 1752 Lu-

75 1773 190 1810 ciana
214 1769 414 1824 indigna!
447 1770 572 1806 Plura
606 1779 707 1806 sunt
732 1769 775 1806 in
807 1768 890 1806 hoc
914 1772 1124 1821 opusculo
1151 1768 1338 1821 ejusdem
1362 1769 1543 1820 farinae,

75 1841 183 1881 quae
215 1835 423 1863 maturum
445 1823 653 1877 judicium
685 1825 861 1862 minime
891 1825 1086 1876 sapiunt,
1119 1833 1160 1863 et
1192 1825 1441 1877 scriptorem
1471 1840 1546 1864 ar·—

76 1891 214 1936 guunt
229 1891 302 1918 aut
324 1895 345 1918 a
366 1880 549 1920 Luciano
573 1879 811 1928 diversum,
846 1889 920 1917 aut
944 1889 1055 1918 certe
1077 1881 1332 1919 Lucianum
1321 1895 1460 1934 lpsum
1480 1884 1544 1934 ju-

73 1939 240 1976 niorem
272 1947 311 1976 et
334 1937 524 1973 nondum
555 1935 720 1973 subacti
741 1936 792 1974 ad
819 1936 892 1973 has
916 1950 980 1974 res
1006 1936 1171 1987 judicii.
1214 1939 1383 1976 SOLAN.
1446 1938 1545 1976 Ηοο

73 1994 111 2033 si
134 1993 185 2031 ad
207 1995 433 2031 Tantalum
461 1993 594 2029 solum
622 1992 856 2043 pertineat,
890 1993 1066 2030 omnino
1088 1990 1396 2032 desiderabit
1370 1991 1450 2035 υπὸ
1471 1998 1547 2035 τοῦ

74 2053 245 2103 δίψους·
282 2048 354 2087 sed
381 2048 547 2086 literam
579 2047 678 2085 addi
702 2051 834 2095 malo,
867 2048 1043 2101 χαλεπως
1067 2050 1245 2101 ἔχοντας,
1279 2058 1327 2087 ut
1344 2050 1544 2089 Ixionem

74 2117 117 2146 et
141 2105 372 2157 Sisyphum
396 2105 523 2141 simul
550 2106 867 2155 complectatur.
929 2104 1042 2142 Illud
1065 2114 1202 2144 autem
1226 2106 1361 2159 frigus
1383 2107 1543 2145 oratio-

71 2164 162 2210 nis,
198 2160 313 2216 quod
333 2161 376 2198 in
401 2159 466 2198 his
489 2160 554 2198 vir
579 2161 736 2199 clariss.
759 2160 930 2199 Solemus
948 2160 1295 2200 animadvertisse
1315 2161 1398 2200 sibi
1421 2162 1542 2201 visus

72 2229 146 2264 est,
173 2233 251 2272 ego
276 2216 463 2270 quidem,
495 2216 566 2269 qui
586 2230 702 2254 meus
725 2226 786 2255 est
807 2229 969 2270 stupor,
1002 2221 1144 2256 nullus
1168 2218 1320 2256 sentio.
1353 2218 1539 2256 Hnmsr.

70 2276 170 2315 Non
203 2272 362 2313 sufficit
394 2274 565 2325 ἔχοντας.
627 2273 755 2310 Nunc
795 2287 881 2311 non
911 2273 1100 2326 patebit,
1136 2289 1208 2312 cur
1237 2277 1351 2312 solus
1383 2275 1542 2326 Tityus

72 2332 280 2371 eximatur
310 2343 486 2368 numero
509 2334 588 2369 τῶν
614 2334 794 2381 χαλεπῶς
818 2327 1002 2381 ἐχόντων.
1071 2330 1163 2367 Imo
1193 2329 1364 2381 scripsit
1393 2339 1544 2368 auctor

71 2389 234 2440 ἔχοντα,
284 2385 332 2425 de
372 2388 463 2424 solo
509 2387 691 2423 Tantalo
735 2387 952 2438 cogitans,
1005 2386 1164 2438 quippe
1208 2400 1330 2438 quem
1361 2386 1542 2438 pessime

75 2444 261 2482 omnium
283 2442 328 2479 in
354 2440 468 2480 Orco
501 2441 790 2478 damnatorum
822 2442 870 2478 ab
893 2443 964 2479 siti
999 2452 1165 2480 aeterna
1189 2441 1300 2479 affici
1325 2441 1542 2479 meminis-

74 2510 138 2538 set
163 2515 183 2537 e
208 2499 381 2536 Lucicmi
410 2497 476 2534 sui
509 2498 640 2546 locis,
676 2496 788 2535 unde
812 2497 981 2535 'I'antali
1014 2512 1101 2535 sors
1134 2499 1328 2549 profecto
1352 2498 1542 2535 omnium

71 2555 254 2594 maxime
287 2552 543 2605 deploranda
574 2563 713 2606 patet,
748 2564 796 2592 ut
823 2555 960 2592 Dian.
990 2554 1145 2592 lN‘lortt.
1169 2553 1311 2592 XVII.
1339 2553 1389 2593 de
1414 2554 1540 2594 Luct.

75 2617 170 2655 c.8
198 2626 233 2650 e.
258 2625 294 2649 a.
337 2610 492 2649 Liznm.

186 2666 291 2706 Ibicl
326 2667 405 2705 Καὶ
427 2664 496 2707 τὸν
516 2683 661 2721 γηγενη
688 2665 853 2709 Τιτυόν·
881 2662 1099 2720 Ηράκλεις
1116 2663 1235 2717 ὅσος)
1267 2664 1450 2706 Videtur
1480 2669 1543 2706 Ta-

74 2722 194 2775 τυὸν,
221 2719 439 2777 Ηράκλεις
464 2721 585 2774 όσονς
630 2725 695 2762 G1
704 2739 775 2765 ON.
837 2724 1128 2762 Fxclamantis
1150 2721 1426 2761 admirationi
1448 2736 1541 2760 ma-

1131 2779 1266 2823 Cc2
