1781 3174
512 226 582 255 ΙΝ
653 206 1145 255 PlseATOREm.
1459 219 1560 265 575

97 335 162 366 ter
181 323 408 378 intelligas.
466 321 575 362 Nam
599 321 637 359 si
658 314 709 363 οὗ
727 321 907 375 legitur,
941 320 1054 375 quod
1074 331 1116 363 et
1136 324 1360 379 utriusque
1380 327 1560 369 Aldinae

99 383 348 423 testimonio
371 378 694 433 comprobatur,
727 380 906 420 ἐπονεῖτο
924 382 1042 417 nullo
1076 380 1204 419 niodo
1235 385 1375 421 locum
1406 385 1559 426 habere

98 449 253 493 Potest·
312 438 426 494 Ergo
460 436 535 489 qui
570 431 620 476 οὗ
644 438 709 474 vel
740 434 793 472 ad
825 438 1062 486 exemplum
1084 437 1134 475 B.
1159 443 1193 479 1.
1223 439 1458 491 abjiciunt,
1491 447 1559 483 vel

99 497 249 535 melius
274 494 317 531 in
340 495 387 535 οὑ
418 500 604 540 mutant,
638 491 671 528 ii
691 505 835 530 rursus
860 491 904 528 in
929 490 1113 530 diversas
1143 493 1368 534 discedunt
1396 509 1556 550 partes:

97 553 186 601 alii,
220 561 268 589 ut
285 550 491 590 Brodaeus
513 559 554 587 et
575 547 748 587 Solanus
770 547 899 586 scribi
926 551 1076 586 volunt
1101 559 1388 603 προςεποιεῖτο,
1427 555 1560 608 quod,

97 610 178 647 etsi
201 621 275 660 per
296 621 340 646 se
366 605 477 645 haud
508 605 776 657 improbum,
808 603 849 642 h.
883 606 908 641 l.
940 613 1077 643 tamen
1115 621 1286 655 vereor,
1318 619 1367 647 ut
1398 612 1560 665 gratius

99 663 258 705 afficiat
279 678 423 709 aures,
457 677 602 715 quam,
637 660 750 715 quod
782 663 1002 713 vulgatur,
1036 662 1226 715 simplex.
1288 664 1562 721 Quapropter

95 724 267 776 ἐμιμεῖτο
294 719 473 773 conjicit
505 719 567 758 Jo.
595 718 784 771 Seagerus
811 717 854 754 in
879 717 1011 756 Class.
1033 718 1184 759 Journ.
1205 721 1346 763 XVII.
1373 738 1410 764 a.
1436 730 1560 769 1814·

95 783 255 834 p-161.
288 780 433 829 paullo
464 776 674 828 jejunius,
708 783 756 812 ut
784 788 862 828 ego
895 775 1060 824 senti0,
1093 775 1134 815 h.
1157 779 1185 816 l.
1212 777 1406 831 verbum,
1442 781 1562 835 quod

95 845 310 889 praeterea
349 833 476 873 etiam
515 830 629 869 haud
669 832 796 869 facile
838 830 881 867 in
923 832 1095 874 ἐποιεῖτο
1134 836 1361 874 transverti
1400 839 1562 891 potuit,

96 894 244 932 Multo
268 890 401 943 magis
428 892 587 941 placet,
619 886 734 943 quod
759 887 967 926 Jacobsius
999 888 1042 924 in
1066 889 1178 930 Actt.
1202 892 1402 932 Nlonacc.
1428 896 1475 934 T.
1498 895 1558 934 ΙΙ.

94 963 138 1001 p.
156 951 254 991 459.
286 946 488 985 substitui
511 948 621 994 vult,
657 943 858 996 quodque
876 944 1001 983 etiam
1026 944 1204 986 G'o'llerus
1228 950 1495 989 commendat
1514 952 1560 990 in

94 1005 246 1044 iisdem
269 1004 384 1042 Actt.
408 1004 564 1041 lVIonn.
590 1004 642 1041 T.
661 1001 693 1041 I.
717 1015 756 1053 p.
778 1005 874 1044 213.
905 1000 1183 1053 ἐνεπορεύετο,
1214 1004 1241 1042 i.
1265 1019 1300 1044 e.
1334 1010 1442 1061 cujus
1473 1025 1562 1046 scr—

95 1077 227 1101 mones
248 1070 282 1098 et
300 1069 510 1114 praecepta
531 1069 729 1112 quaestum
750 1056 963 1111 sibifacit.
1026 1059 1262 1099 Illustravit
1284 1073 1423 1102 autem
1445 1064 1560 1102 hunc

97 1117 217 1157 verbi
234 1115 523 1169 ἐμπορεύεσθαι
541 1129 660 1152 usum
692 1112 880 1152 Valcken.
913 1114 956 1151 in
981 1114 1159 1155 Adnott.
1182 1117 1225 1155 in
1249 1118 1304 1156 N.
1328 1121 1376 1157 T:
1401 1135 1441 1173 p,
1464 1125 1560 1163 411,

97 1189 159 1228 sq.
192 1173 350 1213 sivein
373 1173 554 1225 OpuscC.
581 1172 667 1209 suis
688 1170 779 1221 (ed,
805 1171 958 1222 Lips.)
978 1173 1025 1209 T.
1050 1172 1109 1210 II.
1135 1186 1176 1224 p.
1198 1179 1295 1217 319.
1316 1189 1378 1229 sq.
1408 1177 1564 1229 impri-

95 1232 174 1270 mis
194 1245 234 1282 p.
256 1235 353 1274 322.
386 1230 541 1268 Verum
564 1242 694 1280 quum
726 1228 816 1278 ipse
846 1226 984 1265 adhuc
1015 1242 1106 1267 meo
1136 1229 1300 1282 judicio
1339 1246 1424 1270 non
1459 1234 1561 1271 satis

95 1287 196 1326 fidei
218 1286 438 1336 haberem,
474 1284 712 1324 consultius
743 1282 967 1322 videbatur
997 1283 1042 1321 in
1072 1288 1244 1340 vulgata
1276 1290 1558 1341 acquiescere.

93 1345 249 1385 LEnM.

209 1399 309 1438 End.
333 1402 360 1438 1.
387 1404 451 1441 11.
470 1395 590 1445 ‘⁷an
610 1393 763 1450 ἐρήμην
777 1393 991 1448 ἡλίσκεσθε
1010 1395 1097 1451 μετ’
1121 1396 1266 1452 αὐτοῦ)
1295 1400 1563 1457 Pircklzeyme-

95 1474 184 1505 rus,
216 1472 283 1495 vos
312 1472 464 1510 qnoque
491 1453 643 1493 inflicta
673 1469 815 1492 caussa
845 1454 1172 1499 condemnabant.
1233 1457 1319 1495 Cur
1348 1458 1482 1511 igitur
1515 1459 1562 1497 in

96 1514 182 1553 fine
204 1512 485 1556 Hermotimi.
517 1509 564 1552 τὰ
586 1509 659 1565 γὰρ
677 1507 777 1550 αὐτὰ
796 1509 896 1561 πρὸς
917 1511 957 1552 σὲ
975 1510 1090 1553 εἶπον
1113 1510 1186 1564 ἂν,
1220 1516 1254 1554 εἰ
1267 1511 1314 1554 τὰ
1340 1514 1564 1564 Πλάτωνος

93 1567 121 1623 ἢ
145 1569 438 1623 Ἀριστοτέλους
463 1567 618 1625 ᾕρησο,
659 1572 737 1608 τῶν
769 1565 899 1607 ἄλλων
931 1565 1106 1617 ἀκρίτων
1138 1568 1290 1622 ἐρήμην
1323 1569 1559 1626 καταγνούς.

94 1629 211 1681 Ergo
234 1625 488 1675 Benedictus,
520 1641 588 1663 vos
615 1639 702 1662 vcro
737 1640 824 1662 cum
845 1626 928 1677 ipso
961 1624 1286 1667 damnabamini:
1315 1638 1356 1665 at
1378 1627 1489 1666 idem
1513 1628 1560 1666 in

95 1687 192 1723 loco
223 1683 499 1732 Hermotimi,
534 1683 665 1720 ceteris
692 1680 846 1718 inflicta
880 1696 1020 1719 caussa
1049 1681 1259 1721 damnatis.
1320 1684 1484 1722 Rursus
1513 1685 1561 1723 in.

97 1738 244 1780 eodem
264 1738 533 1778 Hermotimo
570 1752 602 1775 c.
625 1742 694 1780 30.
729 1734 802 1777 οὐκ
831 1738 948 1789 ἐχρῆν
980 1734 1168 1779 ἁπάντων
1196 1740 1559 1794 καταγιγνώσκειν,

98 1792 193 1838 mie-33
231 1794 382 1849 ἐρήμην
416 1792 528 1847 ἡμῶν
556 1796 836 1847 καταδιαιτςῖν,
880 1793 955 1831 ubi
985 1808 1126 1833 rursus
1156 1795 1347 1835 indictam
1381 1813 1563 1836 caussam

97 1853 277 1906 profert.
309 1852 358 1889 In
379 1850 527 1888 Abdic.
549 1865 582 1890 c.
603 1855 643 1893 8.
677 1847 768 1890 οὐδ’
792 1851 829 1898 ἐξ
858 1847 1006 1903 ἐρήμης
1025 1849 1120 1899 τούς
1139 1856 1284 1901 παῖδας
1309 1849 1434 1901 εὐθὺς
1452 1851 1564 1895 ’ἑλίσ-

95 1915 263 1959 κεσθαι,
305 1907 434 1945 habet
466 1907 707 1962 indefensam
737 1922 927 1947 caussam.
999 1906 1080 1945 Sed
1110 1923 1160 1946 ex
1193 1907 1276 1948 fine
1304 1910 1564 1949 Hermotimi

98 1975 286 2018 apparet,
306 1978 395 2003 esse
418 1962 640 2001 discrimen
668 1963 778 2001 inter
797 1961 1105 2017 καταγινώσκειν
1124 1964 1304 2018 ἄκριτον,
1335 1976 1377 2004 et
1397 1984 1564 2021 καταγι-

95 2019 267 2064 νώσκειν
285 2018 448 2074 ἐρήμην.
506 2020 599 2059 Imo
619 2017 661 2056 id
682 2019 782 2056 satis
810 2031 967 2058 norunt
987 2021 1127 2058 omnia
1150 2022 1323 2062 Lexica.
1367 2023 1454 2062 Cur
1474 2037 1564 2062 non

100 2079 235 2129 igitur
263 2077 492 2116 attendunt
526 2089 700 2128 quoque
729 2075 1017 2128 interpretes?
1052 2077 1194 2119 Gnox.
1243 2076 1362 2128 Ἵὶςτε
1383 2078 1564 2132 ἐρύμην)

97 2130 258 2174 Indicia
278 2149 428 2173 caussa.
475 2132 512 2170 J.
534 2131 659 2170 Brocl.
683 2131 728 2169 in
747 2132 873 2169 Misc.
894 2135 973 2184 jam
996 2147 1118 2186 saepe
1138 2134 1332 2174 adductis
1357 2135 1415 2174 ita
1437 2135 1567 2174 habet

97 2205 176 2244 pro
203 2192 370 2243 ἐρήμην.
432 2188 512 2228 Sed
537 2189 689 2227 vitium
718 2189 1075 2242 typographicam
1100 2205 1189 2230 esse
1214 2191 1355 2233 credo.
1401 2193 1564 2234 me‘rz.

100 2248 169 2286 Cf.
191 2258 280 2285 not.
307 2246 358 2285 ad
384 2246 529 2285 Schol.
563 2246 721 2283 LnnM.

215 2305 428 2356 Pag.165.
454 2305 479 2339 l.
508 2309 546 2346 3.
587 2306 681 2342 Ταῖν
703 2301 844 2349 θεαῖν)
880 2299 1022 2341 Cereris
1044 2313 1078 2340 et
1111 2303 1378 2358 Proserpinae.
1419 2305 1565 2348 Bnon.

100 2361 265 2400 Cereris
295 2369 338 2398 et
369 2359 671 2410 Proserpinae,
715 2370 889 2410 quarum
926 2359 1124 2410 mysteria
1154 2369 1245 2399 toto
1278 2361 1377 2400 orbe
1413 2362 1567 2415 gentili

98 2417 278 2455 maxima
301 2415 631 2455 celebrabantur.
675 2414 745 2452 De
764 2414 1007 2467 ἐξορχεῖσθαι
1027 2429 1064 2454 v.
1091 2426 1233 2455 notam
1255 2417 1306 2455 ad
1327 2419 1396 2457 De
1415 2418 1565 2459 Saltat.

101 2487 135 2513 c.
162 2476 226 2517 15.
257 2473 424 2511 SOLAN.

210 2529 314 2568 Eacl.
336 2531 362 2567 l.
384 2533 423 2571 4.
454 2522 793 2580 Ἐξορχούμενον)
828 2524 942 2578 Quid
967 2539 1073 2567 esset
1096 2530 1356 2582 ἐξορχεῖσθαι,
1392 2531 1567 2582 copiose

102 2595 143 2625 et
176 2585 341 2624 erudite
370 2585 603 2636 explicavit
631 2583 755 2620 Laur.
788 2582 1040 2621 Normannm
1072 2584 1121 2622 ad
1152 2587 1347 2626 Arinis-Iis
1368 2586 1466 2628 κατὰ
1490 2592 1570 2628 τῶν

102 2642 395 2694 ἐξορχουμένωιι
427 2639 773 2679 declamationem
799 2640 848 2676 Τ.
871 2639 927 2676 Il.
952 2654 987 2691 p.
1010 2645 1106 2684 589.
1133 2656 1244 2697 ⁵⁴'q‘i
1268 2643 1384 2683 Iebb.
1427 2644 1565 2682 Gnszw.

103 2699 200 2739 Vid.
222 2708 311 2737 not.
338 2697 478 2736 Solani
498 2696 548 2735 ad
570 2693 700 2746 Ἀναβ.
731 2696 783 2743 (i.
808 2709 841 2733 e.
870 2694 1015 2735 Pis-cat.
1041 2712 1139 2752 ergo
1164 2698 1282 2740 hicce
1306 2701 1395 2753 ipse
1417 2710 1479 2739 est
1503 2703 1566 2738 lo-

103 2770 190 2806 cus,
222 2764 263 2794 et
286 2753 462 2794 Reitzius
482 2753 587 2794 adeo
611 2751 901 2804 subturpicule
922 2752 1104 2802 labitur3
1139 2759 1245 2807 vult,
1280 2758 1451 2810 opinor,
1485 2757 1565 2796 So-
