1781 3174
250 199 350 246 380
598 205 1355 239 ADNOTATIONBS

251 323 334 364 que
358 307 525 357 minus,
575 304 690 360 quod
720 305 764 344 in
797 305 937 373 Primo
970 305 1182 345 vocabulo
1211 304 1406 354 affertur,
1447 309 1638 376 tog-afim?
1645 309 1714 351 καὶ

250 370 415 408 τοιαῦτα
433 366 618 406 ἐπέκλυσε
636 380 760 411 naua,
793 359 887 410 ὧςτε
902 360 1049 416 χρυσὸς
1069 380 1121 414 ην
1147 356 1286 411 αυτοῖς
1304 363 1370 403 καὶ
1393 361 1512 416 λευκή
1534 381 1592 413 τις
1610 360 1713 418 ἦμέ-

253 440 306 478 ρα
329 435 524 488 κρατῆσαι
543 436 638 467 τους
658 416 920 472 Βαρβᾶρους,
951 430 993 458 ut
1012 419 1201 457 barbatos
1223 421 1337 458 victis
1362 418 1559 459 Romanis
1586 438 1712 461 raum

250 481 373 534 potiri
392 494 528 516 aarum
549 475 739 531 iisficerii
762 486 798 513 et
827 475 908 514 dies
935 475 1028 515 albo
1048 474 1245 528 signanda
1267 474 1433 528 lapillo:
1465 489 1590 529 quem
1611 491 1716 517 sen·-

254 550 347 573 sum
366 534 479 572 haud
501 533 590 570 scio
614 546 665 570 an
689 532 896 583 interpres
931 532 1032 570 satis
1060 531 1306 584 perviderit.
1366 532 1544 570 Secutus
1575 544 1715 574 autem

254 591 344 630 fuit
377 589 656 639 vetustiores,
689 602 712 625 a
741 587 896 640 quibus
925 588 1036 627 idem
1066 602 1215 640 provxe
1202 587 1364 638 thium,
1397 590 1543 640 paullo
1574 599 1717 630 tamen

252 646 445 700 parcius,
478 654 734 697 usurpatur:
762 643 963 685 Plutarch.
995 644 1151 684 sertor.
1172 659 1214 697 p.
1234 648 1329 688 570.
1350 646 1408 682 D.
1467 645 1588 685 Bello
1610 645 1716 684 fini-

253 713 299 742 to
324 702 464 740 Cinna
488 711 529 740 et
550 701 720 739 Marius
742 715 834 740 eum
861 701 905 738 in
928 699 1096 739 modum
1114 699 1337 739 libidinem
1365 701 1570 754 exemplis
1602 717 1718 742 ama-

251 759 446 798 rissimae
478 756 740 797 crudelitatis
771 757 1057 807 exsatiarunt‚
1089 754 1185 805 ὥςτε
1214 754 1365 810 χρυσὸν
1395 754 1599 808 ἀποδεῖξαι
1614 755 1717 800 1Ῥω.

253 817 388 867 μαίοις
407 812 454 855 τὰ
478 818 550 855 τοῦ
568 815 743 866 πολέμου
763 810 880 854 κακά.
914 813 958 850 iu
979 813 1386 866 T1m01.p.241·ss
1430 813 1654 867 Callippus
1674 824 1718 855 et

251 871 423 910 Pharax
446 868 626 924 χρυσὸν
612 872 672 911 ἕεδ
678 872 763 918 ιξαν
782 875 832 926 τῇ
849 871 1011 924 ΣικεΗᾳ
1028 870 1098 918 τὰς
1119 871 1160 911 ἐν
1179 874 1229 926 τῇ
1244 872 1453 921 τυραννίδι
1473 870 1711 925 συμφοράς·

252 928 326 966 ubi
357 927 501 965 malim
533 941 632 964 sane
663 936 838 979 proptei
869 941 990 964 usum
1018 935 1266 978 perpetuum
1301 922 1376 968 ἀπε
1367 928 1521 977 ’δειξαν.
1579 928 1714 967 Porro

254 983 372 1037 quod
394 982 527 1023 Conon
551 982 723 1034 scripsit
748 997 768 1020 a
794 983 827 1020 Ῑ
823 982 956 1022 alesio
978 996 1064 1020 non
1093 982 1367 1034 praeteritum
1388 983 1554 1024 Nairat.
1585 984 1712 1026 XIII.

250 1039 484 1078 Aethillam
505 1053 691 1092 perxsuas
683 1053 761 1077 sse
775 1038 974 1092 Trojanis
993 1038 1244 1077 mulieribus
1267 1039 1464 1092 captivis,
1496 1049 1546 1077 ut
1569 1039 1717 1079 incen-

252 1097 310 1135 sis
333 1096 516 1134 navibus
539 1109 638 1134 suae
658 1095 786 1133 saluti
810 1098 1102 1144 consulerent,
1137 1093 1370 1134 dicendo
1341 1113 1413 1145 ως,
1446 1097 1481 1137 εἰ
1497 1090 1714 1147 ἇφίκοιντο

253 1167 329 1195 συν
352 1157 435 1201 τοῖς
446 1149 647 1205 Ἐλλησιν
665 1154 720 1200 εἰς
739 1150 811 1204 τὴν
825 1149 1014 1198 Ελλαόα,
1047 1149 1193 1204 ’χρυσὸς
1212 1148 1262 1192 ἆν
1281 1147 1417 1200 αυταῖς
1435 1149 1557 1201 δόξειε
1576 1171 1624 1194 τα
1644 1158 1718 1206 τῆς

257 1211 403 1261 Τροίας
421 1207 548 1257 κακοὶ,
580 1217 717 1246 totum
745 1218 807 1247 est
836 1208 885 1246 ab
908 1207 1096 1261 Euripide
1111 1217 1293 1246 sumtum
1314 1209 1358 1246 in
1382 1207 1537 1250 Troad.
1560 1223 1596 1251 v.
1618 1214 1714 1263 432,

251 1265 329 1304 ubi
364 1264 622 1314 Cassandra,
660 1261 739 1313 ,Ως
767 1263 937 1318 χρυσὸς,
969 1264 1136 1316 inquit⁷
1178 1260 1287 1318 αὐτῷ
1309 1262 1412 1316 τᾶμα
1443 1266 1510 1306 καὶ
1543 1261 1718 1321 Φρυγῶν

249 1319 358 1364 κακοὶ
375 1319 491 1371 Λόξει
515 1318 609 1362 ποτ’
627 1320 684 1362 εἶν
689 1339 743 1361 αι.
775 1345 829 1352 -
860 1323 988 1359 Hunc
1012 1330 1152 1358 autem
1173 1321 1380 1373 loquendi
1400 1335 1558 1360 morem
1593 1323 1715 1375 quasi

249 1377 423 1432 publica
445 1379 580 1415 forma
609 1377 821 1431 signatum
853 1377 889 1415 si
922 1375 1178 1428 perpendas,
1219 1377 1292 1415 vix
1312 1388 1397 1428 est,
1441 1386 1489 1414 ut
1526 1377 1716 1418 dubitari

248 1435 414 1488 possit,
447 1433 553 1502 quin
583 1433 696 1486 apud
718 1434 924 1473 Platonem
945 1433 1028 1484 Ep.
1051 1433 1150 1472 VII.
1171 1447 1213 1500 Ρ.
1241 1438 1362 1475 1277-
1386 1434 1434 1473 C.
1466 1433 1628 1503 refingi
1644 1434 1716 1475 de-

250 1499 365 1537 ceat,
397 1492 466 1531 καὶ
492 1487 600 1543 ορῶν
623 1488 753 1542 δήπου
777 1507 871 1536 τους
898 1487 1082 1542 α’νδρας’
1065 1506 1107 1530 εν
1126 1488 1255 1542 χρόνῳ
1276 1485 1394 1544 ολίγῳ
1423 1488 1574 1542 χρυσὸν
1603 1485 1716 1532 (ἕπο-

250 1549 452 1596 δείξαντας
470 1544 540 1596 τήν
559 1548 785 1598 ἔμπροσθεν
808 1548 1026 1595 πολιτείαν,
1059 1559 1135 1597 pro
1159 1551 1331 1598 χρυσῆν·
1363 1545 1494 1600 quod,
1527 1546 1610 1585 nisi
1634 1548 1713 1586 fal-

249 1607 333 1653 lor,
357 1617 527 1642 sensum
553 1601 685 1642 efficit
704 1618 742 1642 a
747 1599 1015 1656 philosophi‘
1023 1609 1162 1640 mente
1184 1616 1354 1654 piorsus
1375 1602 1572 1654 alienum,
1600 1605 1723 1656 prio—

250 1677 326 1698 rem
347 1662 438 1713 reip.
464 1658 844 1699 administrationem
871 1657 1112 1697 emendando
1137 1673 1295 1696 aurcam
1324 1658 1481 1697 zcclcleJe
1509 1669 1545 1696 et
1574 1660 1715 1716 perfi—

249 1718 490 1755 ctissimam:
519 1716 647 1755 facile
668 1715 860 1754 Platonis
885 1714 1035 1754 lectoii
1054 1714 1294 1776 paroemiae
1315 1729 1509 1769 parum&
1487 1729 1617 1754 «maro
1646 1730 1715 1754 ac-

249 1772 390 1812 cidete
410 1773 570 1826 potuit,
602 1771 714 1826 quod
735 1771 953 1810 Leunclaz
932 1787 991 1821 ιο,
1023 1770 1098 1822 qui
1118 1769 1163 1806 in
1181 1770 1310 1808 Dione
1331 1771 1465 1808 Cassio
1490 1785 1530 1824 p.
1549 1777 1646 1816 336.
1657 1772 1710 1811 A.

245 1843 325 1881 pro
358 1827 454 1877 ὡςτε
480 1829 628 1883 χρυσὸν
655 1827 729 1880 τήν
758 1832 830 1869 τοῦ
863 1829 1069 1880 Καίσαρος
1095 1829 1315 1878 μοναρχίαν
1346 1831 1529 1878 φανῆναι
1558 1828 1713 1879 reponi

244 1885 373 1939 jussit
393 1891 568 1936 χρυσῆν
600 1888 709 1924 male
731 1884 948 1936 profecto3
982 1895 1233 1936 quamquam
1253 1883 1396 1921 favere
1418 1882 1613 1922 videatur
1632 1885 1714 1923 Zo-

244 1958 364 1980 mnas
382 1943 551 1980 Dionem
571 1941 829 1987 exscribens,
860 1938 972 1992 apud
994 1953 1133 2006 quem,
1161 1948 1210 1976 ut
1233 1948 1344 1977 recte
1366 1939 1399 1976 l
1395 1938 1550 1978 alesius
1571 1939 1713 1978 obsei-

240 2008 340 2047 vat‚
374 1997 575 2037 mendose
601 1998 783 2052 legitur,
825 1994 919 2044 ώςτε
949 2009 1120 2047 χοηστην
1141 2011 1214 2046 την
1235 1999 1308 2036 τοῦ
1329 1992 1583 2059 ανῃρῃμένου
1606 1999 1709 2038 Καί-

240 2069 366 2108 σαρος
393 2056 612 2107 μοναρχίαν
639 2055 893 2106 νομίζεσθαι,
932 2066 1009 2104 pio
1043 2055 1214 2104 χρυσῆν,
1263 2054 1331 2090 vel
1356 2051 1503 2104 potius
1531 2050 1703 2106 χρυσόν·

240 2125 309 2149 eas
332 2121 534 2164 utrasque
554 2124 680 2150 voces
705 2123 1012 2163 nonnunquam
1035 2122 1109 2159 per
1129 2121 1312 2146 errorem
1339 2107 1450 2147 inter
1472 2122 1515 2146 se
1540 2123 1708 2161 permu-

239 2167 344 2217 tari,
374 2181 490 2205 nunc
509 2181 596 2206 uno
626 2174 791 2205 tantum
819 2166 987 2204 Theonis
1014 2166 1112 2202 Ioco
1141 2162 1330 2210 docebo,
1374 2163 1419 2200 in
1456 2167 1574 2231 cujus
1603 2165 1708 2203 Pro-

240 2236 383 2275 gymn.
407 2238 448 2276 Ρ.
474 2226 540 2267 65.
575 2221 665 2264 οἷον
684 2223 751 2264 καὶ
772 2239 881 2275 παρα
911 2219 1146 2277 Μενᾶνὸρω
1180 2221 1222 2262 ἐν
1239 2237 1285 2275 τῃ
1304 2224 1454 2274 χρηστῇ
1469 2215 1704 2273 Ἐπικλήρῳ

239 2293 455 2331 perperam
483 2279 677 2318 exhiberi
699 2292 945 2332 persuasum
969 2276 1104 2316 habeo
1127 2290 1204 2329 pro
1228 2276 1269 2317 ἐν
1290 2292 1334 2331 τῃ
1358 2280 1488 2332 χρυσῇ
1512 2278 1552 2314 in
1584 2292 1706 2315 αιιιεα

222 2334 380 2404 fabula
410 2335 757 2402 Epicle10.Jam
793 2335 829 2373 si
859 2335 1044 2375 Luciano
1072 2332 1270 2372 restituas
1299 2318 1351 2369 ad
1378 2318 1488 2369 hanc
1513 2347 1706 2371 normam

237 2390 387 2444 χρυσὸν
414 2388 645 2443 απέδειξαν,
688 2391 851 2444 optime
877 2388 1092 2430 sententia
1123 2386 1346 2441 procedet:
1383 2387 1620 2451 Menippus
1648 2386 1704 2427 ad

239 2446 522 2501 philosophos
546 2462 591 2487 se
615 2450 875 2496 contulerat,
907 2456 956 2485 ut
976 2446 1092 2485 vitae
1115 2445 1323 2482 lationem
1354 2445 1579 2482 contrariis
1608 2444 1703 2496 opi-

239 2503 465 2542 nationum
489 2504 690 2543 fluctibus
711 2480 913 2557 agitata’m
935 2502 981 2541 in
1002 2510 1096 2540 tuto
1121 2502 1370 2540 collocaret.
1402 2513 1464 2539 res
1482 2503 1610 2554 longe
1630 2514 1702 2540 se—

241 2573 341 2610 cus,
373 2575 420 2598 ac
443 2569 706 2611 speraverat,
740 2559 905 2607 evenit3
940 2557 1004 2596 ibi
1024 2556 1166 2596 omnia
1187 2558 1320 2594 multo
1351 2556 1484 2610 magis
1515 2556 1703 2608 incesta,

242 2623 285 2654 et
305 2615 502 2655 inscitiae
523 2625 643 2654 tanto
669 2615 850 2669 pejoris,
884 2613 1000 2668 quod
1019 2611 1254 2666 sapientiae
1274 2612 1404 2651 titulo
1427 2621 1704 2665 praetexere-

230 2680 332 2723 ¹tur,
363 2671 548 2712 tenebris
571 2672 766 2712 involuta
791 2672 970 2724 reperit,
1002 2669 1063 2709 sic
1088 2677 1137 2706 ut
1158 2666 1329 2707 taudem
1348 2666 1520 2722 liquido
1540 2668 1702 2722 perspi-

241 2737 378 2780 cetet.
404 2727 627 2768 hominum
660 2726 889 2767 idiotarum
917 2726 1048 2768 vitam
1073 2723 1178 2767 adeo
1209 2735 1447 2779 praestate,
1480 2733 1553 2778 ut,
1585 2724 1621 2764 si
1649 2723 1703 2764 ad
