1781 3174
534 233 602 263 rm
675 232 1178 266 fiscA'roRBm,
1491 229 1590 280 563

121 329 327 369 articulus
349 327 402 372 7:03
424 329 469 368 in
491 328 606 367 duali
632 342 757 383 saepe
777 330 1037 380 communis,
1069 330 1198 374 immo
1221 336 1359 376 omnis
1382 338 1440 378 sit
1458 354 1590 396 gene-

118 387 191 426 ris.
252 386 388 427 schol.
410 385 461 425 ad
484 385 670 439 Sophocl·
696 386 764 425 Αἱ·
788 391 886 431 291.
915 385 1128 431 Εἰῶθασιν
1149 393 1191 433 οἵ
1206 389 1373 436 Ἀττικοὶ
1390 393 1586 451 ¹15&ka-

117 441 170 484 κὰ
192 441 327 496 ἄρθρα
348 441 571 496 ἀρσενικῶς
584 443 797 495 ἐκφέρειν,
829 442 917 485 ἀντὶ
939 449 1014 486 τοῦ
1039 450 1110 500 τῆς
1131 452 1206 490 τοῦ
1226 450 1407 505 λέγοντες
1435 476 1491 485 --
1521 457 1589 499 καὶ

116 504 284 548 κοινῶς,
320 496 373 547 ὦς
392 500 486 547 ἔπος
507 502 629 541 εἰπεῖν
648 497 756 551 παρὰ
777 505 873 542 πᾶσι
892 505 1126 556 λογοποιοῖς
1145 503 1198 546 wi
1217 512 1331 560 χεῖρε.
1363 509 1434 548 Sic
1456 512 1584 551 etiam

116 556 164 594 in
191 555 386 608 proverb.
408 554 522 610 quod
547 556 730 596 Eustatlz.
754 555 892 597 adfert
916 557 967 597 ad
995 558 1119 598 Hom.
1143 561 1193 601 11.
1216 568 1262 604 Β.
1288 578 1382 619 pag.
1406 581 1460 605 m·
1483 571 1582 620 235,

114 617 184 656 37.
219 610 278 653 Τώ
301 611 372 666 μὲν
400 609 502 665 χεῖρ’
539 613 581 654 ἐν
603 615 822 661 Αἰτωλοῖς,
857 612 878 655 ὁ
909 615 951 656 δὲ
979 619 1079 664 νοῦς
1109 618 1150 665 ἒς
1173 623 1401 662 Κλοπιδοῖν.
1459 624 1584 664 Adde

115 667 200 707 duo
224 668 307 707 alia
343 669 388 706 in
411 682 514 708 voce
538 670 636 720 Χεὶρ
669 668 718 707 ab
741 670 975 724 Lexicogr.
1000 686 1052 710 ex
1074 673 1258 729 Xenopk.
1280 686 1321 716 et
1357 678 1583 735 Thucydid.

110 726 196 777 jam
216 728 401 777 prolata,
435 725 512 763 ubi
535 725 734 764 similiter
763 724 816 766 toi
842 732 946 780 χεῖρε
968 741 1045 779 pro
1068 727 1117 769 τὰ
1137 732 1316 785 legitur,
1350 743 1392 773 et
1411 735 1583 780 Lucian.

109 794 200 819 non
219 784 346 821 semel
367 781 482 824 alibi.
513 783 676 821 Rmrz.
737 781 835 823 Vid.
858 783 1062 824 Blattkiae
1086 786 1270 829 Gramm.
1297 790 1368 832 Gr.
1388 805 1429 845 p.
1455 798 1522 838 61.
1543 799 1583 838 2.

112 846 155 876 et
181 851 225 890 p.
246 843 341 882 604.
371 845 406 881 1.
449 839 608 878 LmrM.

224 894 321 948 Pag,
350 899 440 939 152,
462 897 488 934 1.
509 900 546 938 4,
577 892 780 949 Προνάῳ)
817 891 1003 948 Πρόναος
1029 898 1304 955 Graecorum,
1334 903 1477 958 templo
1497 905 1586 947 Ro-

108 965 330 990 :manorum
353 951 609 1004 respondet:
642 950 739 1001 ναὸς
761 951 894 992 cellae.
946 953 1084 994 GnsN.

223 1007 328 1048 Ιόῑᾱ,
371 1005 596 1063 Πολιάδος)
638 1008 709 1061 ὃίρ
741 1009 785 1046 in
817 1008 997 1061 Lapith.
1030 1020 1072 1050 et
1110 1011 1224 1064 apud
1254 1014 1407 1059 Herod.
1438 1018 1511 1061 lib,
1539 1022 1581 1066 5.

108 1064 338 1104 Minervae
361 1075 704 1118 cognomentum,
739 1066 858 1116 cujus
881 1066 1088 1105 rationem
1113 1069 1215 1108 alibi
1239 1071 1468 1117 reddimus,
1499 1077 1584 1117 Ea.

111 1119 202 1160 dem
227 1120 338 1159 dicta
365 1126 530 1178 Πολῐζις
552 1122 837 1175 Aristophani,
873 1130 915 1159 et
938 1127 1161 1177 Πολιοῦχος
1184 1127 1353 1168 Pindar.
1398 1131 1580 1173 Bounn.

220 1177 322 1218 Eacl.
345 1180 372 1215 1.
399 1183 437 1221 7.
478 1178 537 1219 Ὠ
565 1178 744 1226 Πολιάς)
782 1177 817 1216 O
844 1178 1044 1220 Bffinerva.
1086 1181 1229 1223 Bnon.
1288 1184 1338 1223 Id
1370 1196 1455 1238 est,
1487 1190 1582 1228 Mi-

107 1248 260 1285 nerva,
304 1233 419 1272 urbis
455 1234 551 1273 Dea
588 1234 806 1284 tutelaris‚
831 1234 1191 1290 “Atheniensibus
1219 1242 1392 1292 proprie
1422 1243 1583 1296 Πολιᾶς

107 1289 235 1329 dicta.
273 1289 368 1329 Ael.
403 1291 453 1330 V.
475 1292 531 1329 H.
558 1297 596 1334 2.
635 1305 667 1332 e.
689 1296 728 1333 9.
751 1292 783 1330 f.
815 1291 845 1331 ὠ
875 1290 1029 1340 Πολιᾶς
1051 1289 1219 1346 Ἀθηνᾶ.
1283 1297 1371 1337 Ubi
1401 1301 1579 1342 omnino

104 1346 194 1386 vid.
228 1348 352 1386 Periz.
391 1346 553 1385 Rmrz.
613 1347 874 1401 Singularem
902 1345 953 1385 de
980 1348 1206 1389 Minervae
1229 1352 1419 1393 Poliadis
1449 1359 1579 1397 sacris

103 1413 146 1441 et
168 1402 269 1441 aede
295 1403 337 1440 in
361 1418 453 1442 arce
476 1403 741 1442 Athenarum
762 1402 953 1441 libellum
979 1402 1116 1445 edidit
1143 1405 1230 1447 Car.
1261 1405 1431 1467 Godofr.
1453 1410 1581 1454 Mill-a

106 1458 164 1498 Zer
183 1474 275 1497 cum
297 1459 433 1497 tribus
458 1459 614 1498 tabulis
646 1473 740 1498 aere
763 1459 911 1497 incisis
933 1459 984 1497 ab
1004 1462 1104 1501 Em.
1126 1462 1403 1517 Riepenlzusio.
1467 1470 1581 1508 Got-

104 1516 213 1569 ting.
238 1521 360 1559 1820.
423 1517 546 1555 Hanc
568 1516 788 1555 Lucianus
816 1515 924 1553 dicit
953 1515 1080 1556 solam
1114 1519 1280 1572 videre,
1314 1536 1421 1576 quae
1450 1535 1579 1580 agant

102 1572 380 1625 philosophi,
425 1583 578 1626 utpote
613 1571 848 1626 praesidem
884 1572 1149 1613 Athenarum
1181 1585 1224 1616 et
1263 1578 1576 1633 inspectricem.

103 1628 184 1668 Sed
205 1629 413 1668 Jacobs-ius
438 1629 480 1667 in
514 1629 773 1667 Animadvv.
798 1628 843 1666 in
867 1628 1003 1682 Eurip.
1026 1631 1176 1685 Tragg.
1196 1647 1237 1685 p.
1259 1638 1326 1679 45.
1348 1647 1476 1691 negat
1499 1652 1579 1692 ap.-

101 1698 248 1737 parere
279 1700 483 1736 caussam,
518 1700 593 1723 cur
613 1685 815 1724 Minerva
835 1685 923 1724 sola
945 1684 1168 1725 hominum
1201 1694 1264 1741 (at
1285 1705 1370 1730 non
1396 1695 1575 1735 omnino

101 1741 325 1791 hominum,
360 1742 433 1780 sed
462 1741 613 1780 horum
644 1741 1034 1795 philosophorum)
1069 1744 1261 1784 facinora
1287 1747 1433 1788 videre
1465 1749 1579 1790 dica-

102 1806 194 1848 tur,
226 1809 354 1852 atque
390 1797 495 1838 adeo
522 1798 647 1836 verba
682 1799 723 1839 δὲ
746 1795 849 1850 μόνη
876 1807 1076 1851 tanquam
1106 1812 1305 1855 corrupta
1327 1804 1370 1842 in
1390 1808 1579 1862 δαιμονίη

101 1854 304 1892 mutanda
325 1865 482 1893 censet.
530 1854 568 1893 A
594 1868 677 1907 qua
698 1853 868 1908 quidem
893 1854 1141 1907 suspicione
1162 1867 1203 1896 et
1223 1863 1467 1913 conjectura
1487 1865 1579 1903 abs-

103 1910 326 1956 tinuisset,
361 1911 540 1963 opinor,
574 1911 649 1949 Vir
672 1910 888 1965 egregiu8‚
920 1911 955 1948 si
989 1912 1142 1950 clarius
1173 1915 1317 1955 animo
1345 1918 1482 1971 ipsius
1504 1921 1575 1962 oba

104 1977 272 2006 versata
290 1967 474 2006 fuissent
506 1967 718 2006 Mercurii
745 1966 868 2006 verba
892 1966 1024 2006 Dian.
1044 1969 1200 2010 Mortt.
1221 1971 1285 2022 X,
1308 1978 1347 2017 8.
1378 1975 1577 2019 Κατάθου

107 2022 155 2064 σύ
174 2032 253 2061 etc.
289 2020 336 2065 οὗ
361 2025 502 2075 λέληθε
530 2023 604 2077 γάρ
632 2040 700 2075 με,
730 2026 765 2065 εἰ
791 2024 859 2064 καὶ
889 2022 993 2076 μάλα
1021 2025 1302 2077 περικρύπτεις
1328 2024 1445 2072 αὐτά.
1470 2056 1473 2059 μ
1508 2033 1575 2076 Cf.

109 2081 146 2134 ξ.
171 2084 235 2122 11.
260 2090 302 2118 et
323 2080 402 2117 alia
426 2081 583 2118 similia
606 2083 716 2129 loca,
748 2079 823 2117 ubi
848 2079 1203 2133 philosophorum
1226 2084 1435 2138 imprimis
1449 2089 1578 2129 Athe-

108 2136 322 2174 niensium
347 2135 518 2174 fraudes
540 2146 580 2176 et
603 2134 765 2189 flagitia
793 2147 1088 2187 recensentur,
1122 2141 1282 2179 nemini
1308 2144 1458 2198 facile,
1491 2143 1577 2185 nisi

107 2198 158 2246 τῆ
177 2192 381 2242 ἔπισκόπῳ
404 2193 545 2239 urbis,
576 2193 801 2231 R'Iinervae
820 2192 1010 2242 Poliadi‚
1046 2195 1231 2248 cognita.
1274 2198 1433 2239 Lmsm,

135 2237 141 2249 ¹
221 2249 326 2290 Earl.
348 2253 373 2290 l.
399 2254 439 2292 9.
476 2245 720 2297 Ἐπίσκοπος
749 2246 870 2297 οὖσα)
897 2247 989 2305 'Enii
1024 2254 1180 2302 σκοπῆς
1207 2255 1389 2296 οἰκοῦσα.
1451 2257 1576 2298 Hanc

107 2306 357 2358 scripturam
386 2321 461 2357 pro
483 2308 654 2359 vulgata
684 2307 901 2352 ἐπίσκοπος
927 2306 1053 2356 οὐσα,
1087 2309 1365 2360 suppeditant
1396 2312 1505 2354 Con.
1526 2315 1576 2356 G.

110 2376 234 2415 quam
253 2363 403 2401 lubens
430 2371 477 2399 ut
500 2363 845 2413 praestantiorem
869 2365 1111 2414 amplector.
1156 2365 1249 2404 vid.
1271 2368 1405 2409 ZeUX.
1425 2384 1514 2424 cap.
1539 2377 1577 2415 4,

91 2422 277 2458 somma
339 2418 579 2457 Tolerabile
600 2417 682 2456 hoc
705 2429 766 2457 est
785 2418 1009 2462 Scholion.
1033 2419 1177 2472 inepta
1200 2437 1300 2461 vero
1321 2434 1462 2464 textus
1486 2431 1577 2468 lec—

110 2475 197 2523 tio,
233 2489 338 2527 quae
366 2473 614 2514 Schmieclero
637 2488 721 2512 non
747 2484 834 2513 erat
857 2473 1124 2527 recipienda,
1156 2478 1257 2516 licet
1283 2480 1442 2533 aliquid
1468 2499 1576 2523 com-

108 2529 394 2569 mendationis
422 2541 544 2570 nacta
574 2545 596 2568 a
619 2529 725 2570 Cod.
748 2535 872 2575 2954.
894 2541 935 2570 et
959 2545 982 2569 a
1016 2533 1062 2570 T.
1084 2532 1128 2570 F.
1152 2533 1358 2576 Benedicti
1384 2537 1575 2581 adsensu,

110 2587 268 2626 LEIIM.

224 2643 328 2684 Ead.
349 2647 374 2686 l.
394 2649 462 2688 11.
493 2646 551 2686 Αἵ
569 2643 777 2697 μέλαιναι)
811 2642 911 2685 Scit.
933 2648 1082 2698 ψῆφοι.
1131 2647 1275 2686 Bnom

226 2700 330 2741 Ibid.
374 2705 437 2745 Σὺ
465 2706 715 2760 προςθεῖσα)
746 2701 1050 2755 I’roverbium,
1090 2704 1298 2746 Minervae
1327 2709 1577 2767 sffugium.

110 2756 324 2798 Manen„
831 2777 833 2779 ·

1156 2812 1199 2858 N
1221 2834 1244 2858 n
1277 2825 1304 2864 2
