<?xml version="1.0" encoding="UTF-8"?>
<!DOCTYPE html PUBLIC "-//W3C//DTD XHTML 1.0 Transitional//EN"
    "http://www.w3.org/TR/xhtml1/DTD/xhtml1-transitional.dtd">
<html xmlns="http://www.w3.org/1999/xhtml" xml:lang="en" lang="en">
 <head>
  <title>
</title>
<meta http-equiv="Content-Type" content="text/html;charset=utf-8" />
  <meta name='ocr-system' content='tesseract 3.04.00' />
  <meta name='ocr-capabilities' content='ocr_page ocr_carea ocr_par ocr_line ocrx_word'/>
</head>
<body>
  <div class='ocr_page' id='page_1' title='image "./operagraeceetlat03luciuoft_0479.png"; bbox 0 0 1781 3174; ppageno 0'>
   <div class='ocr_carea' id='block_1_1' title="bbox 459 177 1521 225">
    <p class='ocr_par' dir='ltr' id='par_1_1' title="bbox 459 177 1521 225">
     <span class='ocr_line' id='line_1_1' title="bbox 459 177 1521 225; baseline 0.002 -3"><span class='ocrx_word' id='word_1_1' title='bbox 459 191 538 222; x_wconf 74' lang='lat' dir='ltr'>IN</span> <span class='ocrx_word' id='word_1_2' title='bbox 607 189 1109 222; x_wconf 59' lang='lat' dir='ltr'>CHA1110NEM.</span> <span class='ocrx_word' id='word_1_3' title='bbox 1419 177 1521 225; x_wconf 80' lang='lat'>443</span> 
     </span>
    </p>
   </div>
   <div class='ocr_carea' id='block_1_2' title="bbox 59 285 1530 733">
    <p class='ocr_par' dir='ltr' id='par_1_2' title="bbox 59 285 1530 557">
     <span class='ocr_line' id='line_1_2' title="bbox 62 285 1525 344; baseline -0.005 -11"><span class='ocrx_word' id='word_1_4' title='bbox 62 291 122 343; x_wconf 68' lang='grc' dir='ltr'>ἐξ.</span> <span class='ocrx_word' id='word_1_5' title='bbox 148 301 228 332; x_wconf 82' lang='lat' dir='ltr'>etc.</span> <span class='ocrx_word' id='word_1_6' title='bbox 256 304 364 344; x_wconf 85' lang='lat' dir='ltr'>quae</span> <span class='ocrx_word' id='word_1_7' title='bbox 394 287 446 328; x_wconf 84' lang='lat' dir='ltr'>ad</span> <span class='ocrx_word' id='word_1_8' title='bbox 466 287 584 326; x_wconf 86' lang='lat' dir='ltr'>hune</span> <span class='ocrx_word' id='word_1_9' title='bbox 613 300 779 325; x_wconf 86' lang='lat' dir='ltr'>sensum</span> <span class='ocrx_word' id='word_1_10' title='bbox 804 285 1096 338; x_wconf 82' lang='lat' dir='ltr'>efficiendum,</span> <span class='ocrx_word' id='word_1_11' title='bbox 1131 302 1255 341; x_wconf 88' lang='lat' dir='ltr'>quem</span> <span class='ocrx_word' id='word_1_12' title='bbox 1270 287 1406 328; x_wconf 76' lang='lat' dir='ltr'>Belini</span> <span class='ocrx_word' id='word_1_13' title='bbox 1428 303 1525 328; x_wconf 89' lang='lat' dir='ltr'>ver-</span> 
     </span>
     <span class='ocr_line' id='line_1_3' title="bbox 64 343 1526 402; baseline -0.003 -14"><span class='ocrx_word' id='word_1_14' title='bbox 64 350 127 388; x_wconf 86' lang='lat' dir='ltr'>bis</span> <span class='ocrx_word' id='word_1_15' title='bbox 147 349 382 402; x_wconf 87' lang='lat' dir='ltr'>proferam:</span> <span class='ocrx_word' id='word_1_16' title='bbox 417 347 478 384; x_wconf 89' lang='lat' dir='ltr'>Tu</span> <span class='ocrx_word' id='word_1_17' title='bbox 494 359 599 382; x_wconf 74' lang='lat' dir='ltr'>veuae</span> <span class='ocrx_word' id='word_1_18' title='bbox 620 360 692 397; x_wconf 82' lang='lat' dir='ltr'>que</span> <span class='ocrx_word' id='word_1_19' title='bbox 711 359 753 381; x_wconf 87' lang='lat' dir='ltr'>ce</span> <span class='ocrx_word' id='word_1_20' title='bbox 772 345 847 382; x_wconf 80' lang='lat' dir='ltr'>soit</span> <span class='ocrx_word' id='word_1_21' title='bbox 867 360 934 382; x_wconf 79' lang='lat' dir='ltr'>sur</span> <span class='ocrx_word' id='word_1_22' title='bbox 954 343 989 382; x_wconf 84' lang='lat' dir='ltr'>Ze</span> <span class='ocrx_word' id='word_1_23' title='bbox 1020 344 1118 384; x_wconf 72' lang='lat' dir='ltr'>bord</span> <span class='ocrx_word' id='word_1_24' title='bbox 1137 344 1184 384; x_wconf 78' lang='lat' dir='ltr'>de</span> <span class='ocrx_word' id='word_1_25' title='bbox 1202 361 1268 383; x_wconf 86' lang='lat' dir='ltr'>ma</span> <span class='ocrx_word' id='word_1_26' title='bbox 1290 345 1435 399; x_wconf 78' lang='lat' dir='ltr'>barque</span> <span class='ocrx_word' id='word_1_27' title='bbox 1454 361 1526 399; x_wconf 78' lang='lat' dir='ltr'>que</span> 
     </span>
     <span class='ocr_line' id='line_1_4' title="bbox 64 399 1526 455; baseline -0.006 -11"><span class='ocrx_word' id='word_1_28' title='bbox 64 406 145 446; x_wconf 85' lang='grc' dir='ltr'>Ζόη</span> <span class='ocrx_word' id='word_1_29' title='bbox 168 403 301 443; x_wconf 73' lang='lat' dir='ltr'>decide</span> <span class='ocrx_word' id='word_1_30' title='bbox 321 419 392 441; x_wconf 84' lang='lat' dir='ltr'>une</span> <span class='ocrx_word' id='word_1_31' title='bbox 415 399 580 455; x_wconf 77' lang='lat' dir='ltr'>par-cille</span> <span class='ocrx_word' id='word_1_32' title='bbox 595 402 792 454; x_wconf 79' lang='lat' dir='ltr'><em>question,</em></span> <span class='ocrx_word' id='word_1_33' title='bbox 827 399 903 437; x_wconf 82' lang='lat' dir='ltr'>vix</span> <span class='ocrx_word' id='word_1_34' title='bbox 923 399 1030 440; x_wconf 81' lang='lat' dir='ltr'>bene</span> <span class='ocrx_word' id='word_1_35' title='bbox 1052 402 1209 440; x_wconf 84' lang='lat' dir='ltr'>Graeca</span> <span class='ocrx_word' id='word_1_36' title='bbox 1235 416 1323 440; x_wconf 75' lang='lat' dir='ltr'>esse</span> <span class='ocrx_word' id='word_1_37' title='bbox 1347 401 1526 440; x_wconf 82' lang='lat' dir='ltr'>videan-</span> 
     </span>
     <span class='ocr_line' id='line_1_5' title="bbox 64 452 1530 513; baseline -0.003 -12"><span class='ocrx_word' id='word_1_38' title='bbox 64 472 147 501; x_wconf 85' lang='lat' dir='ltr'>tur.</span> <span class='ocrx_word' id='word_1_39' title='bbox 196 459 338 513; x_wconf 41' lang='lat' dir='ltr'>‘Quod</span> <span class='ocrx_word' id='word_1_40' title='bbox 359 458 403 496; x_wconf 88' lang='lat' dir='ltr'>in</span> <span class='ocrx_word' id='word_1_41' title='bbox 429 458 548 496; x_wconf 81' lang='lat' dir='ltr'>Gorl.</span> <span class='ocrx_word' id='word_1_42' title='bbox 566 470 644 509; x_wconf 87' lang='lat' dir='ltr'>pro</span> <span class='ocrx_word' id='word_1_43' title='bbox 665 452 761 497; x_wconf 79' lang='grc' dir='ltr'><em>αὐτὸ</em></span> <span class='ocrx_word' id='word_1_44' title='bbox 789 455 998 508; x_wconf 84' lang='lat' dir='ltr'>reperitur</span> <span class='ocrx_word' id='word_1_45' title='bbox 1015 456 1158 509; x_wconf 71' lang='grc' dir='ltr'><em>αὐτὸς,</em></span> <span class='ocrx_word' id='word_1_46' title='bbox 1189 458 1350 496; x_wconf 87' lang='lat' dir='ltr'>nullius</span> <span class='ocrx_word' id='word_1_47' title='bbox 1369 456 1413 495; x_wconf 89' lang='lat' dir='ltr'>id</span> <span class='ocrx_word' id='word_1_48' title='bbox 1435 472 1530 496; x_wconf 89' lang='lat' dir='ltr'>mo-</span> 
     </span>
     <span class='ocr_line' id='line_1_6' title="bbox 59 515 533 557; baseline -0.011 0"><span class='ocrx_word' id='word_1_49' title='bbox 59 518 194 557; x_wconf 85' lang='lat' dir='ltr'><strong>menti</strong></span> <span class='ocrx_word' id='word_1_50' title='bbox 215 517 337 556; x_wconf 88' lang='lat' dir='ltr'>duco.</span> <span class='ocrx_word' id='word_1_51' title='bbox 375 515 533 552; x_wconf 75' lang='lat' dir='ltr'>mem.</span> 
     </span>
    </p>

    <p class='ocr_par' dir='ltr' id='par_1_3' title="bbox 69 567 1528 733">
     <span class='ocr_line' id='line_1_7' title="bbox 178 567 1528 622; baseline -0.002 -11"><span class='ocrx_word' id='word_1_52' title='bbox 178 571 279 612; x_wconf 72' lang='lat' dir='ltr'>Eacl,</span> <span class='ocrx_word' id='word_1_53' title='bbox 312 574 338 609; x_wconf 86' lang='lat'>1.</span> <span class='ocrx_word' id='word_1_54' title='bbox 361 575 400 614; x_wconf 90' lang='lat'>7.</span> <span class='ocrx_word' id='word_1_55' title='bbox 445 567 620 611; x_wconf 82' lang='grc' dir='ltr'><em>Μισθόν</em></span> <span class='ocrx_word' id='word_1_56' title='bbox 652 570 731 610; x_wconf 77' lang='grc' dir='ltr'>τῶν</span> <span class='ocrx_word' id='word_1_57' title='bbox 755 572 963 622; x_wconf 69' lang='grc' dir='ltr'><em>χρησμῶν)</em></span> <span class='ocrx_word' id='word_1_58' title='bbox 1003 570 1164 609; x_wconf 85' lang='lat' dir='ltr'>Notum</span> <span class='ocrx_word' id='word_1_59' title='bbox 1201 579 1264 608; x_wconf 85' lang='lat' dir='ltr'>est</span> <span class='ocrx_word' id='word_1_60' title='bbox 1299 573 1528 620; x_wconf 84' lang='lat' dir='ltr'>oraculum,</span> 
     </span>
     <span class='ocr_line' id='line_1_8' title="bbox 69 618 1527 683; baseline -0.003 -15"><span class='ocrx_word' id='word_1_61' title='bbox 69 628 185 683; x_wconf 88' lang='lat' dir='ltr'>quod</span> <span class='ocrx_word' id='word_1_62' title='bbox 215 628 368 667; x_wconf 83' lang='lat' dir='ltr'>iterum</span> <span class='ocrx_word' id='word_1_63' title='bbox 399 625 539 679; x_wconf 80' lang='lat' dir='ltr'>tangit</span> <span class='ocrx_word' id='word_1_64' title='bbox 563 626 660 666; x_wconf 84' lang='lat' dir='ltr'>Jov.</span> <span class='ocrx_word' id='word_1_65' title='bbox 687 625 814 664; x_wconf 82' lang='lat' dir='ltr'>Conf.</span> <span class='ocrx_word' id='word_1_66' title='bbox 839 639 871 666; x_wconf 87' lang='lat' dir='ltr'>c.</span> <span class='ocrx_word' id='word_1_67' title='bbox 898 631 961 668; x_wconf 87' lang='lat'>14.</span> <span class='ocrx_word' id='word_1_68' title='bbox 985 637 1025 666; x_wconf 91' lang='lat' dir='ltr'>et</span> <span class='ocrx_word' id='word_1_69' title='bbox 1047 632 1115 669; x_wconf 77' lang='lat'>20.</span> <span class='ocrx_word' id='word_1_70' title='bbox 1146 626 1220 664; x_wconf 87' lang='lat' dir='ltr'>ubi</span> <span class='ocrx_word' id='word_1_71' title='bbox 1252 626 1350 666; x_wconf 87' lang='lat' dir='ltr'>vide</span> <span class='ocrx_word' id='word_1_72' title='bbox 1371 618 1527 677; x_wconf 59' lang='lat' dir='ltr'>Notas,</span> 
     </span>
     <span class='ocr_line' id='line_1_9' title="bbox 69 681 1122 733; baseline -0.005 -7"><span class='ocrx_word' id='word_1_73' title='bbox 69 696 112 726; x_wconf 87' lang='lat' dir='ltr'>et</span> <span class='ocrx_word' id='word_1_74' title='bbox 137 700 170 725; x_wconf 87' lang='lat' dir='ltr'>c.</span> <span class='ocrx_word' id='word_1_75' title='bbox 191 690 259 729; x_wconf 82' lang='lat'>43.</span> <span class='ocrx_word' id='word_1_76' title='bbox 318 684 474 722; x_wconf 88' lang='lat' dir='ltr'>Latine</span> <span class='ocrx_word' id='word_1_77' title='bbox 500 681 613 733; x_wconf 86' lang='lat' dir='ltr'>apud</span> <span class='ocrx_word' id='word_1_78' title='bbox 639 681 858 721; x_wconf 83' lang='lat' dir='ltr'><em>Ciceronem</em></span> <span class='ocrx_word' id='word_1_79' title='bbox 879 682 938 720; x_wconf 89' lang='lat' dir='ltr'>sic</span> <span class='ocrx_word' id='word_1_80' title='bbox 961 693 1122 721; x_wconf 82' lang='lat' dir='ltr'>exstat:</span> 
     </span>
    </p>
   </div>
   <div class='ocr_carea' id='block_1_3' title="bbox 68 738 1503 838">
    <p class='ocr_par' dir='ltr' id='par_1_4' title="bbox 68 738 1503 838">
     <span class='ocr_line' id='line_1_10' title="bbox 291 738 1503 794; baseline 0.001 -16"><span class='ocrx_word' id='word_1_81' title='bbox 291 740 452 780; x_wconf 83' lang='lat' dir='ltr'><em>Croesus</em></span> <span class='ocrx_word' id='word_1_82' title='bbox 472 738 614 794; x_wconf 81' lang='lat' dir='ltr'><em>Halyn</em></span> <span class='ocrx_word' id='word_1_83' title='bbox 636 749 842 793; x_wconf 79' lang='lat' dir='ltr'>penetrans</span> <span class='ocrx_word' id='word_1_84' title='bbox 863 755 1046 792; x_wconf 77' lang='lat' dir='ltr'><strong><em>magnam</em></strong></span> <span class='ocrx_word' id='word_1_85' title='bbox 1064 750 1250 794; x_wconf 66' lang='lat' dir='ltr'>per-uertet</span> <span class='ocrx_word' id='word_1_86' title='bbox 1269 755 1386 794; x_wconf 87' lang='lat' dir='ltr'>opum</span> <span class='ocrx_word' id='word_1_87' title='bbox 1409 740 1503 780; x_wconf 85' lang='lat' dir='ltr'>vim.</span> 
     </span>
     <span class='ocr_line' id='line_1_11' title="bbox 68 798 235 838; baseline -0.012 0"><span class='ocrx_word' id='word_1_88' title='bbox 68 798 235 838; x_wconf 58' lang='lat' dir='ltr'>somn.</span> 
     </span>
    </p>
   </div>
   <div class='ocr_carea' id='block_1_4' title="bbox 71 883 1570 2574">
    <p class='ocr_par' dir='ltr' id='par_1_5' title="bbox 71 883 1561 2123">
     <span class='ocr_line' id='line_1_12' title="bbox 182 883 1534 939; baseline 0 -13"><span class='ocrx_word' id='word_1_89' title='bbox 182 885 286 927; x_wconf 75' lang='lat' dir='ltr'>Ead.</span> <span class='ocrx_word' id='word_1_90' title='bbox 305 888 333 925; x_wconf 90' lang='grc'>1.</span> <span class='ocrx_word' id='word_1_91' title='bbox 355 890 420 930; x_wconf 90' lang='lat'>11.</span> <span class='ocrx_word' id='word_1_92' title='bbox 441 883 687 938; x_wconf 61' lang='lat' dir='ltr'>‘&#39;Ynoexpov)</span> <span class='ocrx_word' id='word_1_93' title='bbox 719 884 839 923; x_wconf 80' lang='lat' dir='ltr'>Infra</span> <span class='ocrx_word' id='word_1_94' title='bbox 868 895 996 924; x_wconf 86' lang='lat' dir='ltr'>vocat</span> <span class='ocrx_word' id='word_1_95' title='bbox 1027 883 1156 939; x_wconf 72' lang='grc' dir='ltr'><em>ὠχρὸν</em></span> <span class='ocrx_word' id='word_1_96' title='bbox 1175 886 1241 926; x_wconf 78' lang='grc' dir='ltr'>καὶ</span> <span class='ocrx_word' id='word_1_97' title='bbox 1266 883 1370 939; x_wconf 74' lang='grc' dir='ltr'>βαρὺ</span> <span class='ocrx_word' id='word_1_98' title='bbox 1393 888 1534 937; x_wconf 80' lang='grc' dir='ltr'><em>κτῆμα·</em></span> 
     </span>
     <span class='ocr_line' id='line_1_13' title="bbox 72 940 1537 995; baseline -0.004 -11"><span class='ocrx_word' id='word_1_99' title='bbox 72 945 270 984; x_wconf 83' lang='lat' dir='ltr'>Colorem</span> <span class='ocrx_word' id='word_1_100' title='bbox 292 943 421 989; x_wconf 79' lang='lat' dir='ltr'>hunc,</span> <span class='ocrx_word' id='word_1_101' title='bbox 457 942 530 995; x_wconf 91' lang='lat' dir='ltr'>qui</span> <span class='ocrx_word' id='word_1_102' title='bbox 552 945 632 994; x_wconf 84' lang='lat' dir='ltr'>jam</span> <span class='ocrx_word' id='word_1_103' title='bbox 654 956 739 979; x_wconf 86' lang='lat' dir='ltr'>non</span> <span class='ocrx_word' id='word_1_104' title='bbox 764 944 890 993; x_wconf 83' lang='lat' dir='ltr'>plane</span> <span class='ocrx_word' id='word_1_105' title='bbox 912 941 1109 994; x_wconf 83' lang='lat' dir='ltr'>pallidus,</span> <span class='ocrx_word' id='word_1_106' title='bbox 1141 941 1212 981; x_wconf 82' lang='lat' dir='ltr'>sed</span> <span class='ocrx_word' id='word_1_107' title='bbox 1237 945 1376 980; x_wconf 86' lang='lat' dir='ltr'>luteus</span> <span class='ocrx_word' id='word_1_108' title='bbox 1400 951 1440 979; x_wconf 79' lang='lat' dir='ltr'>et</span> <span class='ocrx_word' id='word_1_109' title='bbox 1466 940 1537 979; x_wconf 86' lang='lat' dir='ltr'>fla-</span> 
     </span>
     <span class='ocr_line' id='line_1_14' title="bbox 71 997 1534 1053; baseline -0.001 -13"><span class='ocrx_word' id='word_1_110' title='bbox 71 1015 245 1040; x_wconf 83' lang='lat' dir='ltr'><strong>vescens</strong></span> <span class='ocrx_word' id='word_1_111' title='bbox 275 999 462 1053; x_wconf 81' lang='lat' dir='ltr'>intelligi</span> <span class='ocrx_word' id='word_1_112' title='bbox 496 998 638 1044; x_wconf 85' lang='lat' dir='ltr'>debet,</span> <span class='ocrx_word' id='word_1_113' title='bbox 672 1012 774 1036; x_wconf 81' lang='lat' dir='ltr'>auro</span> <span class='ocrx_word' id='word_1_114' title='bbox 798 998 949 1036; x_wconf 81' lang='lat' dir='ltr'>Graeci</span> <span class='ocrx_word' id='word_1_115' title='bbox 975 998 1192 1038; x_wconf 82' lang='lat' dir='ltr'>tribuunt:</span> <span class='ocrx_word' id='word_1_116' title='bbox 1224 998 1352 1037; x_wconf 71' lang='lat' dir='ltr'>Basil.</span> <span class='ocrx_word' id='word_1_117' title='bbox 1379 997 1534 1038; x_wconf 65' lang='lat' dir='ltr'>Caesar.</span> 
     </span>
     <span class='ocr_line' id='line_1_15' title="bbox 73 1050 1538 1109; baseline -0.001 -13"><span class='ocrx_word' id='word_1_118' title='bbox 73 1060 124 1097; x_wconf 91' lang='lat' dir='ltr'>T.</span> <span class='ocrx_word' id='word_1_119' title='bbox 146 1058 204 1095; x_wconf 84' lang='grc' dir='ltr'>ΙΙ.</span> <span class='ocrx_word' id='word_1_120' title='bbox 227 1071 265 1108; x_wconf 83' lang='lat' dir='ltr'>p.</span> <span class='ocrx_word' id='word_1_121' title='bbox 289 1061 355 1099; x_wconf 84' lang='lat'>66.</span> <span class='ocrx_word' id='word_1_122' title='bbox 377 1057 427 1094; x_wconf 89' lang='lat' dir='ltr'>B.</span> <span class='ocrx_word' id='word_1_123' title='bbox 453 1050 667 1108; x_wconf 74' lang='grc' dir='ltr'>ὦχρότεροι</span> <span class='ocrx_word' id='word_1_124' title='bbox 697 1052 793 1107; x_wconf 77' lang='grc' dir='ltr'>τάχα</span> <span class='ocrx_word' id='word_1_125' title='bbox 816 1059 889 1095; x_wconf 83' lang='grc' dir='ltr'>τοῦ</span> <span class='ocrx_word' id='word_1_126' title='bbox 909 1059 1058 1107; x_wconf 76' lang='grc' dir='ltr'>χρυσοῦ</span> <span class='ocrx_word' id='word_1_127' title='bbox 1077 1053 1313 1109; x_wconf 72' lang='grc' dir='ltr'><em>γενήσονται</em></span> <span class='ocrx_word' id='word_1_128' title='bbox 1335 1057 1375 1096; x_wconf 83' lang='grc' dir='ltr'>οἵ</span> <span class='ocrx_word' id='word_1_129' title='bbox 1394 1059 1538 1095; x_wconf 77' lang='grc' dir='ltr'><em>τοῦτον</em></span> 
     </span>
     <span class='ocr_line' id='line_1_16' title="bbox 74 1110 1540 1166; baseline 0 -15"><span class='ocrx_word' id='word_1_130' title='bbox 74 1110 331 1166; x_wconf 77' lang='grc' dir='ltr'><em>σωρεύοντες.</em></span> <span class='ocrx_word' id='word_1_131' title='bbox 393 1111 513 1165; x_wconf 77' lang='lat' dir='ltr'>Quos</span> <span class='ocrx_word' id='word_1_132' title='bbox 534 1111 693 1164; x_wconf 76' lang='lat' dir='ltr'>Sappho</span> <span class='ocrx_word' id='word_1_133' title='bbox 716 1120 862 1149; x_wconf 79' lang='lat' dir='ltr'>ornate</span> <span class='ocrx_word' id='word_1_134' title='bbox 890 1111 1054 1150; x_wconf 76' lang='lat' dir='ltr'>dixerat</span> <span class='ocrx_word' id='word_1_135' title='bbox 1073 1114 1283 1164; x_wconf 80' lang='grc' dir='ltr'><em>χρυσείους</em></span> <span class='ocrx_word' id='word_1_136' title='bbox 1303 1113 1540 1164; x_wconf 74' lang='grc' dir='ltr'><strong><em>ἐρεβίνθους</em></strong></span> 
     </span>
     <span class='ocr_line' id='line_1_17' title="bbox 74 1165 1542 1223; baseline -0.001 -15"><span class='ocrx_word' id='word_1_137' title='bbox 74 1171 120 1209; x_wconf 90' lang='lat' dir='ltr'>in</span> <span class='ocrx_word' id='word_1_138' title='bbox 145 1169 263 1223; x_wconf 86' lang='lat' dir='ltr'>Epit.</span> <span class='ocrx_word' id='word_1_139' title='bbox 282 1169 428 1209; x_wconf 72' lang='lat' dir='ltr'>Athen.</span> <span class='ocrx_word' id='word_1_140' title='bbox 449 1168 505 1206; x_wconf 82' lang='lat' dir='ltr'>Il.</span> <span class='ocrx_word' id='word_1_141' title='bbox 532 1182 570 1219; x_wconf 88' lang='lat' dir='ltr'>p.</span> <span class='ocrx_word' id='word_1_142' title='bbox 592 1172 657 1210; x_wconf 86' lang='lat'>54.</span> <span class='ocrx_word' id='word_1_143' title='bbox 682 1169 727 1207; x_wconf 85' lang='lat' dir='ltr'>F.</span> <span class='ocrx_word' id='word_1_144' title='bbox 752 1177 912 1206; x_wconf 83' lang='lat' dir='ltr'>veteres</span> <span class='ocrx_word' id='word_1_145' title='bbox 932 1171 1215 1219; x_wconf 79' lang='lat' dir='ltr'>explanarunt</span> <span class='ocrx_word' id='word_1_146' title='bbox 1238 1166 1331 1216; x_wconf 78' lang='grc' dir='ltr'>τούς</span> <span class='ocrx_word' id='word_1_147' title='bbox 1347 1165 1445 1208; x_wconf 66' lang='grc' dir='ltr'>κατὰ</span> <span class='ocrx_word' id='word_1_148' title='bbox 1466 1166 1542 1207; x_wconf 81' lang='grc' dir='ltr'>πύ-</span> 
     </span>
     <span class='ocr_line' id='line_1_18' title="bbox 77 1222 1544 1279; baseline -0.005 -11"><span class='ocrx_word' id='word_1_149' title='bbox 77 1230 146 1276; x_wconf 82' lang='grc' dir='ltr'>ξον</span> <span class='ocrx_word' id='word_1_150' title='bbox 183 1223 361 1279; x_wconf 72' lang='grc' dir='ltr'><em>ὠχροὺς,</em></span> <span class='ocrx_word' id='word_1_151' title='bbox 394 1233 500 1263; x_wconf 80' lang='lat' dir='ltr'>teste</span> <span class='ocrx_word' id='word_1_152' title='bbox 529 1223 707 1263; x_wconf 76' lang='lat' dir='ltr'>Eustatlz.</span> <span class='ocrx_word' id='word_1_153' title='bbox 727 1223 779 1261; x_wconf 80' lang='lat' dir='ltr'>ad</span> <span class='ocrx_word' id='word_1_154' title='bbox 814 1223 863 1261; x_wconf 94' lang='lat' dir='ltr'>Il.</span> <span class='ocrx_word' id='word_1_155' title='bbox 890 1227 944 1264; x_wconf 92' lang='lat' dir='ltr'>N.</span> <span class='ocrx_word' id='word_1_156' title='bbox 970 1238 1010 1275; x_wconf 91' lang='lat' dir='ltr'>p.</span> <span class='ocrx_word' id='word_1_157' title='bbox 1031 1228 1125 1267; x_wconf 78' lang='grc'>948.</span> <span class='ocrx_word' id='word_1_158' title='bbox 1151 1239 1191 1265; x_wconf 89' lang='lat' dir='ltr'>v.</span> <span class='ocrx_word' id='word_1_159' title='bbox 1217 1228 1285 1268; x_wconf 85' lang='lat'>45.</span> <span class='ocrx_word' id='word_1_160' title='bbox 1347 1222 1544 1261; x_wconf 87' lang='lat' dir='ltr'>Eundem</span> 
     </span>
     <span class='ocr_line' id='line_1_19' title="bbox 76 1277 1544 1334; baseline -0.003 -12"><span class='ocrx_word' id='word_1_161' title='bbox 76 1283 206 1322; x_wconf 82' lang='lat' dir='ltr'>habet</span> <span class='ocrx_word' id='word_1_162' title='bbox 235 1296 356 1320; x_wconf 89' lang='lat' dir='ltr'><strong>usum</strong></span> <span class='ocrx_word' id='word_1_163' title='bbox 386 1279 560 1334; x_wconf 77' lang='grc' dir='ltr'><em>χλωρὸς,</em></span> <span class='ocrx_word' id='word_1_164' title='bbox 597 1279 658 1317; x_wconf 81' lang='lat' dir='ltr'>sic</span> <span class='ocrx_word' id='word_1_165' title='bbox 690 1289 738 1318; x_wconf 86' lang='lat' dir='ltr'>ut</span> <span class='ocrx_word' id='word_1_166' title='bbox 768 1279 817 1317; x_wconf 86' lang='lat' dir='ltr'>ab</span> <span class='ocrx_word' id='word_1_167' title='bbox 849 1277 972 1333; x_wconf 72' lang='grc' dir='ltr'><em>ὠχρὸς</em></span> <span class='ocrx_word' id='word_1_168' title='bbox 1001 1293 1123 1332; x_wconf 83' lang='lat' dir='ltr'>saepe</span> <span class='ocrx_word' id='word_1_169' title='bbox 1145 1280 1366 1317; x_wconf 87' lang='lat' dir='ltr'>minimum</span> <span class='ocrx_word' id='word_1_170' title='bbox 1392 1278 1544 1318; x_wconf 84' lang='lat' dir='ltr'>discre-</span> 
     </span>
     <span class='ocr_line' id='line_1_20' title="bbox 77 1334 1548 1393; baseline -0.003 -17"><span class='ocrx_word' id='word_1_171' title='bbox 77 1348 171 1393; x_wconf 84' lang='lat' dir='ltr'>pet:</span> <span class='ocrx_word' id='word_1_172' title='bbox 203 1337 317 1390; x_wconf 89' lang='lat' dir='ltr'>quod</span> <span class='ocrx_word' id='word_1_173' title='bbox 343 1336 618 1376; x_wconf 83' lang='lat' dir='ltr'>ostenderunt</span> <span class='ocrx_word' id='word_1_174' title='bbox 641 1335 752 1376; x_wconf 77' lang='lat' dir='ltr'>Fo&#39;c&#39;S.</span> <span class='ocrx_word' id='word_1_175' title='bbox 775 1335 935 1374; x_wconf 82' lang='lat' dir='ltr'>Oecon.</span> <span class='ocrx_word' id='word_1_176' title='bbox 958 1336 1090 1388; x_wconf 84' lang='lat' dir='ltr'>Hipp‚</span> <span class='ocrx_word' id='word_1_177' title='bbox 1116 1346 1156 1375; x_wconf 89' lang='lat' dir='ltr'>et</span> <span class='ocrx_word' id='word_1_178' title='bbox 1183 1335 1370 1375; x_wconf 77' lang='lat' dir='ltr'>Graevius</span> <span class='ocrx_word' id='word_1_179' title='bbox 1390 1334 1439 1374; x_wconf 81' lang='lat' dir='ltr'>ad</span> <span class='ocrx_word' id='word_1_180' title='bbox 1463 1334 1548 1373; x_wconf 78' lang='lat' dir='ltr'>He-</span> 
     </span>
     <span class='ocr_line' id='line_1_21' title="bbox 78 1392 1548 1446; baseline -0.004 -11"><span class='ocrx_word' id='word_1_181' title='bbox 78 1395 180 1435; x_wconf 77' lang='lat' dir='ltr'>siocl.</span> <span class='ocrx_word' id='word_1_182' title='bbox 196 1392 307 1435; x_wconf 84' lang='grc' dir='ltr'>Ἀσπ.</span> <span class='ocrx_word' id='word_1_183' title='bbox 333 1409 373 1433; x_wconf 83' lang='lat' dir='ltr'>V.</span> <span class='ocrx_word' id='word_1_184' title='bbox 394 1399 489 1437; x_wconf 78' lang='lat'>231.</span> <span class='ocrx_word' id='word_1_185' title='bbox 515 1406 638 1446; x_wconf 86' lang='lat' dir='ltr'>quarn</span> <span class='ocrx_word' id='word_1_186' title='bbox 662 1393 713 1431; x_wconf 92' lang='lat' dir='ltr'>ob</span> <span class='ocrx_word' id='word_1_187' title='bbox 734 1407 819 1431; x_wconf 85' lang='lat' dir='ltr'>rem</span> <span class='ocrx_word' id='word_1_188' title='bbox 839 1393 929 1444; x_wconf 83' lang='lat' dir='ltr'>pari</span> <span class='ocrx_word' id='word_1_189' title='bbox 949 1395 1039 1446; x_wconf 87' lang='lat' dir='ltr'>jure</span> <span class='ocrx_word' id='word_1_190' title='bbox 1059 1407 1162 1431; x_wconf 84' lang='lat' dir='ltr'>auro</span> <span class='ocrx_word' id='word_1_191' title='bbox 1186 1393 1404 1431; x_wconf 75' lang='lat' dir='ltr'>convenit.</span> <span class='ocrx_word' id='word_1_192' title='bbox 1451 1392 1548 1430; x_wconf 81' lang='lat' dir='ltr'>Ar·—</span> 
     </span>
     <span class='ocr_line' id='line_1_22' title="bbox 81 1445 1548 1503; baseline -0.003 -12"><span class='ocrx_word' id='word_1_193' title='bbox 81 1451 260 1491; x_wconf 77' lang='lat' dir='ltr'>1emid0r.</span> <span class='ocrx_word' id='word_1_194' title='bbox 283 1451 318 1492; x_wconf 91' lang='lat' dir='ltr'>I.</span> <span class='ocrx_word' id='word_1_195' title='bbox 341 1464 431 1503; x_wconf 81' lang='lat' dir='ltr'>cap.</span> <span class='ocrx_word' id='word_1_196' title='bbox 456 1453 521 1492; x_wconf 38' lang='lat'>79.</span> <span class='ocrx_word' id='word_1_197' title='bbox 542 1463 584 1502; x_wconf 89' lang='lat' dir='ltr'>p.</span> <span class='ocrx_word' id='word_1_198' title='bbox 606 1453 673 1492; x_wconf 84' lang='grc'>67.</span> <span class='ocrx_word' id='word_1_199' title='bbox 699 1446 851 1502; x_wconf 75' lang='grc' dir='ltr'><em>χλωρὸς</em></span> <span class='ocrx_word' id='word_1_200' title='bbox 872 1447 946 1503; x_wconf 66' lang='grc' dir='ltr'>γὰρ</span> <span class='ocrx_word' id='word_1_201' title='bbox 972 1445 993 1490; x_wconf 78' lang='grc' dir='ltr'>ὁ</span> <span class='ocrx_word' id='word_1_202' title='bbox 1013 1446 1159 1502; x_wconf 75' lang='grc' dir='ltr'><em>χρυσὸς</em></span> <span class='ocrx_word' id='word_1_203' title='bbox 1179 1451 1244 1490; x_wconf 75' lang='grc' dir='ltr'>καὶ</span> <span class='ocrx_word' id='word_1_204' title='bbox 1264 1446 1403 1503; x_wconf 81' lang='grc' dir='ltr'><strong>βαρύς.</strong></span> <span class='ocrx_word' id='word_1_205' title='bbox 1444 1449 1548 1486; x_wconf 80' lang='lat' dir='ltr'>scite</span> 
     </span>
     <span class='ocr_line' id='line_1_23' title="bbox 79 1502 1549 1562; baseline -0.003 -14"><span class='ocrx_word' id='word_1_206' title='bbox 79 1509 301 1562; x_wconf 85' lang='lat' dir='ltr'>Diogenes</span> <span class='ocrx_word' id='word_1_207' title='bbox 330 1516 528 1561; x_wconf 76' lang='lat' dir='ltr'>rogatUS,</span> <span class='ocrx_word' id='word_1_208' title='bbox 560 1504 625 1546; x_wconf 72' lang='grc' dir='ltr'>διὰ</span> <span class='ocrx_word' id='word_1_209' title='bbox 654 1507 691 1546; x_wconf 83' lang='grc' dir='ltr'>τί</span> <span class='ocrx_word' id='word_1_210' title='bbox 720 1504 764 1547; x_wconf 82' lang='grc' dir='ltr'>τὸ</span> <span class='ocrx_word' id='word_1_211' title='bbox 791 1507 955 1559; x_wconf 76' lang='grc' dir='ltr'><em>χρυσίον</em></span> <span class='ocrx_word' id='word_1_212' title='bbox 984 1504 1135 1558; x_wconf 75' lang='grc' dir='ltr'><em>χλωρόν</em></span> <span class='ocrx_word' id='word_1_213' title='bbox 1161 1507 1286 1554; x_wconf 79' lang='grc' dir='ltr'><em>ἔστιν,</em></span> <span class='ocrx_word' id='word_1_214' title='bbox 1318 1507 1417 1558; x_wconf 71' lang='grc' dir='ltr'>ἔφη,</span> <span class='ocrx_word' id='word_1_215' title='bbox 1445 1502 1549 1544; x_wconf 61' lang='lat' dir='ltr'>‘&#39;Ott,</span> 
     </span>
     <span class='ocr_line' id='line_1_24' title="bbox 79 1559 1548 1617; baseline -0.006 -10"><span class='ocrx_word' id='word_1_216' title='bbox 79 1561 255 1612; x_wconf 70' lang='grc' dir='ltr'><strong>πολλοὺς</strong></span> <span class='ocrx_word' id='word_1_217' title='bbox 271 1564 347 1617; x_wconf 72' lang='grc' dir='ltr'><strong>ἔχει</strong></span> <span class='ocrx_word' id='word_1_218' title='bbox 365 1561 459 1612; x_wconf 76' lang='grc' dir='ltr'>τούς</span> <span class='ocrx_word' id='word_1_219' title='bbox 479 1559 824 1616; x_wconf 73' lang='grc' dir='ltr'><em>ἐπιβουλεύοντας,</em></span> <span class='ocrx_word' id='word_1_220' title='bbox 851 1561 961 1615; x_wconf 80' lang='lat' dir='ltr'>apud</span> <span class='ocrx_word' id='word_1_221' title='bbox 981 1563 1143 1615; x_wconf 74' lang='lat' dir='ltr'>Diogen.</span> <span class='ocrx_word' id='word_1_222' title='bbox 1157 1562 1210 1601; x_wconf 88' lang='lat' dir='ltr'>L.</span> <span class='ocrx_word' id='word_1_223' title='bbox 1234 1563 1308 1610; x_wconf 77' lang='lat' dir='ltr'>VI,</span> <span class='ocrx_word' id='word_1_224' title='bbox 1330 1567 1398 1606; x_wconf 88' lang='lat'>51.</span> <span class='ocrx_word' id='word_1_225' title='bbox 1425 1560 1548 1614; x_wconf 77' lang='lat' dir='ltr'>quasi</span> 
     </span>
     <span class='ocr_line' id='line_1_25' title="bbox 82 1615 1548 1678; baseline -0.002 -18"><span class='ocrx_word' id='word_1_226' title='bbox 82 1620 288 1678; x_wconf 84' lang='lat' dir='ltr'>pallidum</span> <span class='ocrx_word' id='word_1_227' title='bbox 317 1621 430 1658; x_wconf 88' lang='lat' dir='ltr'>foret</span> <span class='ocrx_word' id='word_1_228' title='bbox 461 1634 483 1657; x_wconf 85' lang='lat' dir='ltr'>a</span> <span class='ocrx_word' id='word_1_229' title='bbox 512 1620 689 1666; x_wconf 86' lang='lat' dir='ltr'>timore;</span> <span class='ocrx_word' id='word_1_230' title='bbox 736 1619 893 1673; x_wconf 84' lang='lat' dir='ltr'>quippe</span> <span class='ocrx_word' id='word_1_231' title='bbox 923 1629 1073 1657; x_wconf 82' lang='lat' dir='ltr'>notum</span> <span class='ocrx_word' id='word_1_232' title='bbox 1101 1629 1164 1657; x_wconf 89' lang='lat' dir='ltr'>est</span> <span class='ocrx_word' id='word_1_233' title='bbox 1196 1619 1363 1657; x_wconf 73' lang='lat' dir='ltr'>Homer-i</span> <span class='ocrx_word' id='word_1_234' title='bbox 1392 1615 1548 1670; x_wconf 74' lang='grc' dir='ltr'><em>χλωρὸν</em></span> 
     </span>
     <span class='ocr_line' id='line_1_26' title="bbox 84 1673 1550 1728; baseline -0.004 -13"><span class='ocrx_word' id='word_1_235' title='bbox 84 1680 181 1725; x_wconf 78' lang='grc' dir='ltr'><strong>ὸέος.</strong></span> <span class='ocrx_word' id='word_1_236' title='bbox 243 1677 422 1715; x_wconf 81' lang='lat' dir='ltr'>Dictum</span> <span class='ocrx_word' id='word_1_237' title='bbox 456 1685 593 1714; x_wconf 85' lang='lat' dir='ltr'>autem</span> <span class='ocrx_word' id='word_1_238' title='bbox 625 1675 932 1728; x_wconf 80' lang='lat' dir='ltr'>sapientissimi</span> <span class='ocrx_word' id='word_1_239' title='bbox 960 1674 1074 1713; x_wconf 79' lang='lat' dir='ltr'>canis</span> <span class='ocrx_word' id='word_1_240' title='bbox 1111 1675 1154 1711; x_wconf 82' lang='lat' dir='ltr'>in</span> <span class='ocrx_word' id='word_1_241' title='bbox 1192 1675 1351 1727; x_wconf 78' lang='lat' dir='ltr'>jambos</span> <span class='ocrx_word' id='word_1_242' title='bbox 1381 1673 1550 1726; x_wconf 75' lang='lat' dir='ltr'>redegit</span> 
     </span>
     <span class='ocr_line' id='line_1_27' title="bbox 83 1725 1549 1787; baseline -0.004 -13"><span class='ocrx_word' id='word_1_243' title='bbox 83 1733 230 1774; x_wconf 86' lang='lat' dir='ltr'>nescio</span> <span class='ocrx_word' id='word_1_244' title='bbox 266 1732 361 1787; x_wconf 87' lang='lat' dir='ltr'>quis</span> <span class='ocrx_word' id='word_1_245' title='bbox 389 1731 687 1772; x_wconf 77' lang='lat' dir='ltr'>comicorum:</span> <span class='ocrx_word' id='word_1_246' title='bbox 740 1733 787 1771; x_wconf 82' lang='grc' dir='ltr'>Τί</span> <span class='ocrx_word' id='word_1_247' title='bbox 815 1726 906 1772; x_wconf 80' lang='grc' dir='ltr'><strong><em>ποτ’</em></strong></span> <span class='ocrx_word' id='word_1_248' title='bbox 936 1732 1014 1771; x_wconf 80' lang='grc' dir='ltr'>ἐστὶ</span> <span class='ocrx_word' id='word_1_249' title='bbox 1042 1728 1217 1783; x_wconf 79' lang='grc' dir='ltr'><em>χλωρὸν,</em></span> <span class='ocrx_word' id='word_1_250' title='bbox 1251 1726 1473 1784; x_wconf 61' lang='grc' dir='ltr'><em>ἀντιβολῶ,</em></span> <span class='ocrx_word' id='word_1_251' title='bbox 1504 1725 1549 1769; x_wconf 71' lang='grc' dir='ltr'>τό</span> 
     </span>
     <span class='ocr_line' id='line_1_28' title="bbox 84 1783 1552 1846; baseline -0.007 -15"><span class='ocrx_word' id='word_1_252' title='bbox 84 1793 273 1846; x_wconf 80' lang='grc' dir='ltr'><em>χρυσίον,·</em></span> <span class='ocrx_word' id='word_1_253' title='bbox 308 1786 467 1830; x_wconf 83' lang='grc' dir='ltr'><em>Δέδοικ’</em></span> <span class='ocrx_word' id='word_1_254' title='bbox 501 1785 867 1840; x_wconf 79' lang='grc' dir='ltr'><strong>ἐπιβουλευόμενον</strong></span> <span class='ocrx_word' id='word_1_255' title='bbox 900 1783 981 1827; x_wconf 71' lang='grc' dir='ltr'>’ὕπὸ</span> <span class='ocrx_word' id='word_1_256' title='bbox 1003 1786 1164 1827; x_wconf 77' lang='grc' dir='ltr'><em>πάντων</em></span> <span class='ocrx_word' id='word_1_257' title='bbox 1194 1783 1280 1828; x_wconf 67' lang='lat' dir='ltr'>cisi·</span> <span class='ocrx_word' id='word_1_258' title='bbox 1313 1795 1481 1825; x_wconf 82' lang='lat' dir='ltr'>exstant</span> <span class='ocrx_word' id='word_1_259' title='bbox 1505 1785 1552 1822; x_wconf 87' lang='lat' dir='ltr'>in</span> 
     </span>
     <span class='ocr_line' id='line_1_29' title="bbox 87 1840 1555 1899; baseline -0.004 -14"><span class='ocrx_word' id='word_1_260' title='bbox 87 1846 349 1899; x_wconf 75' lang='lat' dir='ltr'>Aristophan.</span> <span class='ocrx_word' id='word_1_261' title='bbox 371 1843 506 1883; x_wconf 71' lang='lat' dir='ltr'>Schol.</span> <span class='ocrx_word' id='word_1_262' title='bbox 532 1843 582 1881; x_wconf 84' lang='lat' dir='ltr'>ad</span> <span class='ocrx_word' id='word_1_263' title='bbox 604 1844 666 1882; x_wconf 83' lang='lat' dir='ltr'>Pl.</span> <span class='ocrx_word' id='word_1_264' title='bbox 689 1858 728 1883; x_wconf 85' lang='lat' dir='ltr'>v.</span> <span class='ocrx_word' id='word_1_265' title='bbox 750 1848 846 1885; x_wconf 77' lang='grc'>204.</span> <span class='ocrx_word' id='word_1_266' title='bbox 905 1843 1081 1880; x_wconf 82' lang='lat' dir='ltr'>Latinis</span> <span class='ocrx_word' id='word_1_267' title='bbox 1115 1842 1260 1882; x_wconf 84' lang='lat' dir='ltr'>itidem</span> <span class='ocrx_word' id='word_1_268' title='bbox 1291 1859 1427 1880; x_wconf 78' lang='lat' dir='ltr'><em>aur-um</em></span> <span class='ocrx_word' id='word_1_269' title='bbox 1456 1840 1555 1895; x_wconf 78' lang='lat' dir='ltr'>pal-</span> 
     </span>
     <span class='ocr_line' id='line_1_30' title="bbox 89 1897 1557 1952; baseline -0.005 -10"><span class='ocrx_word' id='word_1_270' title='bbox 89 1902 237 1942; x_wconf 72' lang='lat' dir='ltr'>licium.-</span> <span class='ocrx_word' id='word_1_271' title='bbox 272 1910 419 1939; x_wconf 87' lang='lat' dir='ltr'>notum</span> <span class='ocrx_word' id='word_1_272' title='bbox 445 1908 507 1938; x_wconf 86' lang='lat' dir='ltr'>est</span> <span class='ocrx_word' id='word_1_273' title='bbox 526 1898 631 1936; x_wconf 80' lang='lat' dir='ltr'>illud</span> <span class='ocrx_word' id='word_1_274' title='bbox 656 1898 777 1938; x_wconf 70' lang='lat' dir='ltr'>Statii</span> <span class='ocrx_word' id='word_1_275' title='bbox 798 1899 872 1938; x_wconf 88' lang='lat' dir='ltr'>IV.</span> <span class='ocrx_word' id='word_1_276' title='bbox 903 1899 1006 1939; x_wconf 85' lang='lat' dir='ltr'>Silv.</span> <span class='ocrx_word' id='word_1_277' title='bbox 1030 1898 1138 1948; x_wconf 73' lang='lat' dir='ltr'>VII,</span> <span class='ocrx_word' id='word_1_278' title='bbox 1160 1902 1223 1943; x_wconf 87' lang='grc'>15.</span> <span class='ocrx_word' id='word_1_279' title='bbox 1248 1898 1431 1938; x_wconf 72' lang='lat' dir='ltr'>Pallidus</span> <span class='ocrx_word' id='word_1_280' title='bbox 1450 1897 1557 1952; x_wconf 82' lang='lat' dir='ltr'>sos—</span> 
     </span>
     <span class='ocr_line' id='line_1_31' title="bbox 90 1952 1558 2009; baseline -0.005 -11"><span class='ocrx_word' id='word_1_281' title='bbox 90 1975 155 1998; x_wconf 85' lang='lat' dir='ltr'>sor·</span> <span class='ocrx_word' id='word_1_282' title='bbox 183 1957 300 2006; x_wconf 66' lang='lat' dir='ltr'>redit,</span> <span class='ocrx_word' id='word_1_283' title='bbox 333 1966 513 2009; x_wconf 75' lang='lat' dir='ltr'>erutoque</span> <span class='ocrx_word' id='word_1_284' title='bbox 541 1954 735 1995; x_wconf 84' lang='lat' dir='ltr'>Concolor</span> <span class='ocrx_word' id='word_1_285' title='bbox 760 1971 869 1994; x_wconf 78' lang='lat' dir='ltr'>auro.</span> <span class='ocrx_word' id='word_1_286' title='bbox 929 1956 977 1994; x_wconf 86' lang='lat' dir='ltr'>In</span> <span class='ocrx_word' id='word_1_287' title='bbox 1003 1955 1171 1994; x_wconf 75' lang='lat' dir='ltr'>Paulino</span> <span class='ocrx_word' id='word_1_288' title='bbox 1202 1956 1350 2007; x_wconf 86' lang='lat' dir='ltr'>Episc.</span> <span class='ocrx_word' id='word_1_289' title='bbox 1381 1956 1479 1994; x_wconf 76' lang='lat' dir='ltr'>Nol.</span> <span class='ocrx_word' id='word_1_290' title='bbox 1504 1952 1558 1991; x_wconf 79' lang='lat' dir='ltr'>ad</span> 
     </span>
     <span class='ocr_line' id='line_1_32' title="bbox 91 2010 1561 2066; baseline -0.005 -12"><span class='ocrx_word' id='word_1_291' title='bbox 91 2015 235 2054; x_wconf 82' lang='lat' dir='ltr'>Nicet.</span> <span class='ocrx_word' id='word_1_292' title='bbox 259 2028 298 2052; x_wconf 90' lang='lat' dir='ltr'>v.</span> <span class='ocrx_word' id='word_1_293' title='bbox 321 2017 414 2055; x_wconf 75' lang='lat'>269.</span> <span class='ocrx_word' id='word_1_294' title='bbox 448 2010 671 2066; x_wconf 80' lang='lat' dir='ltr'>legendum</span> <span class='ocrx_word' id='word_1_295' title='bbox 687 2043 697 2062; x_wconf 91' lang='lat'>‚</span> <span class='ocrx_word' id='word_1_296' title='bbox 729 2011 913 2051; x_wconf 71' lang='lat' dir='ltr'>Palliclos</span> <span class='ocrx_word' id='word_1_297' title='bbox 938 2013 1026 2050; x_wconf 82' lang='lat' dir='ltr'>auri</span> <span class='ocrx_word' id='word_1_298' title='bbox 1054 2011 1201 2065; x_wconf 75' lang='lat' dir='ltr'>legulos</span> <span class='ocrx_word' id='word_1_299' title='bbox 1229 2014 1268 2051; x_wconf 83' lang='lat' dir='ltr'>in</span> <span class='ocrx_word' id='word_1_300' title='bbox 1289 2028 1427 2050; x_wconf 81' lang='lat' dir='ltr'><em>aurum</em></span> <span class='ocrx_word' id='word_1_301' title='bbox 1445 2012 1561 2049; x_wconf 74' lang='lat' dir='ltr'>vertis</span> 
     </span>
     <span class='ocr_line' id='line_1_33' title="bbox 91 2068 701 2123; baseline -0.005 -15"><span class='ocrx_word' id='word_1_302' title='bbox 91 2094 148 2104; x_wconf 83' lang='lat'>--</span> <span class='ocrx_word' id='word_1_303' title='bbox 179 2084 256 2123; x_wconf 86' lang='lat' dir='ltr'>pro</span> <span class='ocrx_word' id='word_1_304' title='bbox 276 2068 458 2108; x_wconf 68' lang='lat' dir='ltr'>callidos.</span> <span class='ocrx_word' id='word_1_305' title='bbox 521 2069 701 2106; x_wconf 76' lang='lat' dir='ltr'>HEMST.</span> 
     </span>
    </p>

    <p class='ocr_par' dir='ltr' id='par_1_6' title="bbox 95 2121 1570 2574">
     <span class='ocr_line' id='line_1_34' title="bbox 214 2121 1561 2177; baseline -0.007 -9"><span class='ocrx_word' id='word_1_306' title='bbox 214 2125 316 2165; x_wconf 72' lang='lat' dir='ltr'><em>Eacl·</em></span> <span class='ocrx_word' id='word_1_307' title='bbox 338 2128 366 2163; x_wconf 85' lang='lat' dir='ltr'>l·</span> <span class='ocrx_word' id='word_1_308' title='bbox 389 2131 452 2168; x_wconf 83' lang='lat'>13·</span> <span class='ocrx_word' id='word_1_309' title='bbox 481 2121 686 2173; x_wconf 76' lang='grc' dir='ltr'><em>’Λοίὸιμον</em></span> <span class='ocrx_word' id='word_1_310' title='bbox 718 2123 846 2176; x_wconf 80' lang='grc' dir='ltr'><em>ὄνομα</em></span> <span class='ocrx_word' id='word_1_311' title='bbox 874 2124 939 2165; x_wconf 74' lang='grc' dir='ltr'>καὶ</span> <span class='ocrx_word' id='word_1_312' title='bbox 974 2121 1274 2177; x_wconf 72' lang='grc' dir='ltr'>περιμάχητον)</span> <span class='ocrx_word' id='word_1_313' title='bbox 1307 2124 1561 2175; x_wconf 80' lang='lat' dir='ltr'>Importuna</span> 
     </span>
     <span class='ocr_line' id='line_1_35' title="bbox 95 2177 1564 2235; baseline -0.006 -12"><span class='ocrx_word' id='word_1_314' title='bbox 95 2183 163 2223; x_wconf 87' lang='lat' dir='ltr'>his</span> <span class='ocrx_word' id='word_1_315' title='bbox 198 2181 423 2235; x_wconf 82' lang='lat' dir='ltr'>subjicitur</span> <span class='ocrx_word' id='word_1_316' title='bbox 454 2190 554 2219; x_wconf 86' lang='lat' dir='ltr'>nota</span> <span class='ocrx_word' id='word_1_317' title='bbox 576 2180 845 2229; x_wconf 67' lang='lat' dir='ltr'>Boni-delesti,</span> <span class='ocrx_word' id='word_1_318' title='bbox 880 2195 986 2234; x_wconf 84' lang='lat' dir='ltr'>quae</span> <span class='ocrx_word' id='word_1_319' title='bbox 1007 2183 1131 2232; x_wconf 83' lang='lat' dir='ltr'>plane</span> <span class='ocrx_word' id='word_1_320' title='bbox 1165 2181 1265 2218; x_wconf 85' lang='lat' dir='ltr'>hinc</span> <span class='ocrx_word' id='word_1_321' title='bbox 1287 2178 1464 2231; x_wconf 72' lang='lat' dir='ltr'>relegari</span> <span class='ocrx_word' id='word_1_322' title='bbox 1485 2177 1564 2215; x_wconf 86' lang='lat' dir='ltr'>de-</span> 
     </span>
     <span class='ocr_line' id='line_1_36' title="bbox 97 2236 1566 2290; baseline -0.004 -10"><span class='ocrx_word' id='word_1_323' title='bbox 97 2240 169 2280; x_wconf 84' lang='lat' dir='ltr'>bet</span> <span class='ocrx_word' id='word_1_324' title='bbox 184 2272 195 2290; x_wconf 82' lang='lat'><strong>‚</strong></span> <span class='ocrx_word' id='word_1_325' title='bbox 230 2253 322 2277; x_wconf 88' lang='lat' dir='ltr'>cum</span> <span class='ocrx_word' id='word_1_326' title='bbox 344 2237 455 2275; x_wconf 79' lang='lat' dir='ltr'>nihil</span> <span class='ocrx_word' id='word_1_327' title='bbox 476 2236 518 2278; x_wconf 82' lang='grc' dir='ltr'>τὸ</span> <span class='ocrx_word' id='word_1_328' title='bbox 539 2236 749 2290; x_wconf 78' lang='grc' dir='ltr'><em>περιμάξαι</em></span> <span class='ocrx_word' id='word_1_329' title='bbox 774 2247 815 2276; x_wconf 87' lang='lat' dir='ltr'>et</span> <span class='ocrx_word' id='word_1_330' title='bbox 836 2241 1109 2289; x_wconf 72' lang='grc' dir='ltr'><em>περικαθᾶραι</em></span> <span class='ocrx_word' id='word_1_331' title='bbox 1130 2236 1180 2275; x_wconf 82' lang='lat' dir='ltr'>ad</span> <span class='ocrx_word' id='word_1_332' title='bbox 1204 2251 1348 2276; x_wconf 86' lang='lat' dir='ltr'>vocem</span> <span class='ocrx_word' id='word_1_333' title='bbox 1366 2236 1566 2274; x_wconf 75' lang='lat' dir='ltr'>Luciani:</span> 
     </span>
     <span class='ocr_line' id='line_1_37' title="bbox 99 2292 1563 2348; baseline -0.004 -14"><span class='ocrx_word' id='word_1_334' title='bbox 99 2312 153 2336; x_wconf 86' lang='lat' dir='ltr'>ne</span> <span class='ocrx_word' id='word_1_335' title='bbox 178 2295 314 2334; x_wconf 84' lang='lat' dir='ltr'>dicam</span> <span class='ocrx_word' id='word_1_336' title='bbox 341 2294 530 2332; x_wconf 81' lang='lat' dir='ltr'>futiliter</span> <span class='ocrx_word' id='word_1_337' title='bbox 560 2294 683 2332; x_wconf 78' lang='lat' dir='ltr'>citari</span> <span class='ocrx_word' id='word_1_338' title='bbox 718 2293 991 2334; x_wconf 70' lang='lat' dir='ltr'>casaubonum</span> <span class='ocrx_word' id='word_1_339' title='bbox 1022 2292 1072 2332; x_wconf 85' lang='lat' dir='ltr'>ad</span> <span class='ocrx_word' id='word_1_340' title='bbox 1100 2293 1453 2348; x_wconf 61' lang='lat' dir='ltr'>‘I&#39;lzeoplzylacturm</span> <span class='ocrx_word' id='word_1_341' title='bbox 1486 2305 1563 2341; x_wconf 79' lang='lat' dir='ltr'>pro</span> 
     </span>
     <span class='ocr_line' id='line_1_38' title="bbox 103 2346 1565 2406; baseline -0.005 -14"><span class='ocrx_word' id='word_1_342' title='bbox 103 2352 386 2406; x_wconf 71' lang='lat' dir='ltr'>Theophrasto.</span> <span class='ocrx_word' id='word_1_343' title='bbox 428 2350 571 2390; x_wconf 70' lang='lat' dir='ltr'>GnON.</span> <span class='ocrx_word' id='word_1_344' title='bbox 632 2351 703 2388; x_wconf 88' lang='lat' dir='ltr'>Ex</span> <span class='ocrx_word' id='word_1_345' title='bbox 732 2355 859 2403; x_wconf 59' lang='lat' dir='ltr'>poeta</span> <span class='ocrx_word' id='word_1_346' title='bbox 891 2351 1060 2404; x_wconf 80' lang='lat' dir='ltr'>aliquo,</span> <span class='ocrx_word' id='word_1_347' title='bbox 1092 2349 1266 2389; x_wconf 73' lang='lat' dir='ltr'>Pindaro</span> <span class='ocrx_word' id='word_1_348' title='bbox 1296 2350 1462 2392; x_wconf 73' lang='lat' dir='ltr'>forsan,</span> <span class='ocrx_word' id='word_1_349' title='bbox 1493 2346 1565 2385; x_wconf 89' lang='lat' dir='ltr'>ha-</span> 
     </span>
     <span class='ocr_line' id='line_1_39' title="bbox 102 2403 1567 2460; baseline -0.005 -12"><span class='ocrx_word' id='word_1_350' title='bbox 102 2408 201 2448; x_wconf 86' lang='lat' dir='ltr'>bere</span> <span class='ocrx_word' id='word_1_351' title='bbox 224 2406 407 2446; x_wconf 84' lang='lat' dir='ltr'>videtur.</span> <span class='ocrx_word' id='word_1_352' title='bbox 468 2407 529 2446; x_wconf 92' lang='lat' dir='ltr'>Ni</span> <span class='ocrx_word' id='word_1_353' title='bbox 557 2405 601 2444; x_wconf 85' lang='lat' dir='ltr'>id</span> <span class='ocrx_word' id='word_1_354' title='bbox 621 2407 700 2456; x_wconf 85' lang='lat' dir='ltr'>sit,</span> <span class='ocrx_word' id='word_1_355' title='bbox 734 2405 859 2445; x_wconf 84' lang='lat' dir='ltr'>credo</span> <span class='ocrx_word' id='word_1_356' title='bbox 884 2417 956 2444; x_wconf 86' lang='lat' dir='ltr'>aut</span> <span class='ocrx_word' id='word_1_357' title='bbox 974 2411 1134 2460; x_wconf 73' lang='grc' dir='ltr'><em>πρᾶγμα</em></span> <span class='ocrx_word' id='word_1_358' title='bbox 1155 2406 1409 2457; x_wconf 79' lang='lat' dir='ltr'>scripturum</span> <span class='ocrx_word' id='word_1_359' title='bbox 1435 2403 1567 2441; x_wconf 84' lang='lat' dir='ltr'>fuisse</span> 
     </span>
     <span class='ocr_line' id='line_1_40' title="bbox 104 2460 1567 2517; baseline -0.003 -15"><span class='ocrx_word' id='word_1_360' title='bbox 104 2479 182 2517; x_wconf 86' lang='lat' dir='ltr'>pro</span> <span class='ocrx_word' id='word_1_361' title='bbox 214 2462 362 2514; x_wconf 72' lang='grc' dir='ltr'><em>ὄνομα,</em></span> <span class='ocrx_word' id='word_1_362' title='bbox 395 2473 469 2503; x_wconf 85' lang='lat' dir='ltr'>aut</span> <span class='ocrx_word' id='word_1_363' title='bbox 499 2478 576 2517; x_wconf 86' lang='lat' dir='ltr'>pro</span> <span class='ocrx_word' id='word_1_364' title='bbox 607 2461 794 2515; x_wconf 68' lang='grc' dir='ltr'><em>ἀοίδιμον</em></span> <span class='ocrx_word' id='word_1_365' title='bbox 823 2460 1044 2517; x_wconf 77' lang='grc' dir='ltr'><em>πάντιμον,</em></span> <span class='ocrx_word' id='word_1_366' title='bbox 1077 2472 1125 2500; x_wconf 84' lang='lat' dir='ltr'>ut</span> <span class='ocrx_word' id='word_1_367' title='bbox 1154 2462 1281 2502; x_wconf 84' lang='lat' dir='ltr'>Rhet.</span> <span class='ocrx_word' id='word_1_368' title='bbox 1306 2462 1448 2499; x_wconf 85' lang='lat' dir='ltr'>Praec.</span> <span class='ocrx_word' id='word_1_369' title='bbox 1471 2474 1506 2499; x_wconf 82' lang='lat' dir='ltr'>c,</span> <span class='ocrx_word' id='word_1_370' title='bbox 1532 2465 1567 2502; x_wconf 86' lang='lat'>1.</span> 
     </span>
     <span class='ocr_line' id='line_1_41' title="bbox 106 2518 1570 2574; baseline -0.005 -13"><span class='ocrx_word' id='word_1_371' title='bbox 106 2521 231 2561; x_wconf 82' lang='lat' dir='ltr'>Certe</span> <span class='ocrx_word' id='word_1_372' title='bbox 243 2521 307 2559; x_wconf 87' lang='lat' dir='ltr'>Fl.</span> <span class='ocrx_word' id='word_1_373' title='bbox 331 2521 489 2574; x_wconf 73' lang='grc' dir='ltr'><em>ἔντιμον</em></span> <span class='ocrx_word' id='word_1_374' title='bbox 507 2520 579 2558; x_wconf 88' lang='lat' dir='ltr'>hic</span> <span class='ocrx_word' id='word_1_375' title='bbox 603 2519 744 2559; x_wconf 82' lang='lat' dir='ltr'>habet.</span> <span class='ocrx_word' id='word_1_376' title='bbox 778 2519 946 2560; x_wconf 75' lang='lat' dir='ltr'>SOLAN.</span> <span class='ocrx_word' id='word_1_377' title='bbox 1009 2520 1054 2559; x_wconf 87' lang='lat' dir='ltr'>Si</span> <span class='ocrx_word' id='word_1_378' title='bbox 1078 2518 1183 2572; x_wconf 84' lang='lat' dir='ltr'>quid</span> <span class='ocrx_word' id='word_1_379' title='bbox 1206 2518 1380 2557; x_wconf 87' lang='lat' dir='ltr'>omnino</span> <span class='ocrx_word' id='word_1_380' title='bbox 1406 2526 1570 2555; x_wconf 86' lang='lat' dir='ltr'>mutan-</span> 
     </span>
    </p>
   </div>
   <div class='ocr_carea' id='block_1_5' title="bbox 110 2571 1573 2632">
    <p class='ocr_par' dir='ltr' id='par_1_7' title="bbox 110 2571 1573 2632">
     <span class='ocr_line' id='line_1_42' title="bbox 110 2571 1573 2632; baseline -0.003 -18"><span class='ocrx_word' id='word_1_381' title='bbox 110 2576 209 2615; x_wconf 90' lang='lat' dir='ltr'>dum</span> <span class='ocrx_word' id='word_1_382' title='bbox 239 2577 374 2626; x_wconf 85' lang='lat' dir='ltr'>foret,</span> <span class='ocrx_word' id='word_1_383' title='bbox 403 2591 482 2631; x_wconf 86' lang='lat' dir='ltr'>pro</span> <span class='ocrx_word' id='word_1_384' title='bbox 511 2581 674 2632; x_wconf 75' lang='grc' dir='ltr'><em>πρᾶγμα</em></span> <span class='ocrx_word' id='word_1_385' title='bbox 695 2577 935 2616; x_wconf 83' lang='lat' dir='ltr'>maluissem</span> <span class='ocrx_word' id='word_1_386' title='bbox 966 2581 1101 2631; x_wconf 72' lang='grc' dir='ltr'><strong><em>χρῶμα</em></strong></span> <span class='ocrx_word' id='word_1_387' title='bbox 1120 2577 1194 2628; x_wconf 84' lang='lat'>*),</span> <span class='ocrx_word' id='word_1_388' title='bbox 1227 2578 1294 2615; x_wconf 86' lang='lat' dir='ltr'>vel</span> <span class='ocrx_word' id='word_1_389' title='bbox 1316 2579 1466 2628; x_wconf 77' lang='grc' dir='ltr'><em>κτῆμα·</em></span> <span class='ocrx_word' id='word_1_390' title='bbox 1500 2571 1573 2611; x_wconf 74' lang='lat' dir='ltr'>sed</span> 
     </span>
    </p>
   </div>
   <div class='ocr_carea' id='block_1_6' title="bbox 169 2707 1574 2768">
    <p class='ocr_par' dir='ltr' id='par_1_8' title="bbox 169 2707 1574 2768">
     <span class='ocr_line' id='line_1_43' title="bbox 169 2707 1574 2768; baseline -0.004 -16"><span class='ocrx_word' id='word_1_391' title='bbox 169 2712 213 2765; x_wconf 68' lang='lat'>¹*)</span> <span class='ocrx_word' id='word_1_392' title='bbox 244 2711 418 2762; x_wconf 87' lang='lat' dir='ltr'>Voluit,</span> <span class='ocrx_word' id='word_1_393' title='bbox 463 2711 546 2751; x_wconf 88' lang='lat' dir='ltr'>nisi</span> <span class='ocrx_word' id='word_1_394' title='bbox 582 2711 751 2768; x_wconf 76' lang='lat' dir='ltr'>egregie</span> <span class='ocrx_word' id='word_1_395' title='bbox 783 2711 934 2763; x_wconf 86' lang='lat' dir='ltr'>fallor,</span> <span class='ocrx_word' id='word_1_396' title='bbox 971 2717 1127 2768; x_wconf 79' lang='grc' dir='ltr'><strong><em>χρῆμα,</em></strong></span> <span class='ocrx_word' id='word_1_397' title='bbox 1172 2725 1423 2767; x_wconf 81' lang='lat' dir='ltr'>quamquam</span> <span class='ocrx_word' id='word_1_398' title='bbox 1456 2718 1498 2748; x_wconf 88' lang='lat' dir='ltr'>et</span> <span class='ocrx_word' id='word_1_399' title='bbox 1532 2707 1574 2744; x_wconf 88' lang='lat' dir='ltr'>in</span> 
     </span>
    </p>
   </div>
  </div>
 </body>
</html>
