1781 3174
516 192 601 223 IN
674 192 1146 225 CHARONEM.
1459 183 1562 231 457

101 290 180 330 tari
215 289 374 332 debeat.
433 287 548 329 Illud
582 287 754 343 quidem
784 288 1055 329 dubitatione
1085 300 1222 343 caret,
1250 292 1359 333 bene
1386 294 1559 348 quidem

99 349 187 402 εὖγε
209 346 298 385 dici
321 346 510 385 absolute
535 359 679 398 posse,
713 346 799 394 ita,
832 355 880 383 ut
904 346 1120 401 intelligas
1139 355 1284 399 ποιεῖς.
1343 351 1400 391 cf.
1425 366 1460 391 c,
1488 358 1557 395 21.

99 419 151 442 an
175 417 276 443 vero
296 397 385 456 εὖγε
405 407 594 457 γεννικῶς
611 411 724 441 recte
753 402 920 440 dicatur
944 406 1066 455 plena
1096 407 1331 457 sententia,
1371 406 1560 447 dubitari

96 468 260 514 potest,
292 462 359 498 vel
377 459 545 512 potius,
579 473 665 497 non
693 467 846 511 potest.
904 458 1042 498 Nemo
1066 461 1179 499 enim
1209 461 1336 502 facile
1372 464 1461 517 εὖγε
1486 465 1562 503 in·-

97 516 275 556 venerit·
283 528 467 566 unquam
488 530 581 553 cum
610 513 829 554 Adverbio
851 513 936 552 alio
972 517 1127 554 arctius
1147 519 1356 570 junctum.
1418 521 1561 573 Igitur

96 572 301 610 hactenus
333 580 445 610 recte
473 572 517 609 in
550 570 659 612 Edd.
697 570 918 639 optimiS,
957 583 1134 625 excepta
1168 576 1338 626 Manli„
1376 578 1556 630 legitur:

95 631 208 684 εὖγε,
249 628 279 668 ὠ
311 631 503 678 Κλωθοῖ,
543 644 737 683 γεννικως
766 628 835 668 καὶ
869 644 1018 676 αυτους
1046 639 1124 670 etc.
1195 631 1275 670 Sed
1303 631 1354 672 de
1379 634 1559 686 reliquis

94 684 200 738 quid
235 683 412 723 censes?
462 684 514 724 B.
547 691 587 728 3.
628 683 898 747 iunterpungit
927 694 1026 736 post
1054 682 1225 736 αὐτούς,
1270 692 1389 727 nullo
1418 703 1560 729 sensu.

93 740 289 795 Dfficyllus
308 750 456 779 contra
478 740 522 777 in
545 740 740 780 versione
758 751 869 778 recte
890 740 992 809 egit,
1020 742 1240 793 quiescens
1262 754 1360 797 post
1382 751 1560 788 Κλωθοῖ

93 799 185 840 Jam
207 812 325 841 vero,
356 796 392 835 si
413 800 600 851 legatur.
632 800 821 866 γεννικῶς
840 798 909 837 καὶ
928 793 1098 847 αυτούς,
1131 801 1161 840 ὠ
1179 803 1375 854 βελτίστη,
1405 803 1473 843 καὶ
1490 801 1562 852 τὰς

93 851 270 905 κεφαλάς
292 850 412 895 <indta
398 870 508 905 μνε,
540 854 605 894 καὶ
627 851 691 893 ἄν.
724 853 820 906 quis
850 866 938 891 non
961 853 1102 905 videt,
1136 870 1261 909 quam
1282 857 1463 897 absurde
1491 861 1560 901 καὶ

96 907 245 958 mimig-
265 907 357 948 ad'
334 907 534 962 απότεμνε
562 909 780 950 referatur.
844 908 962 962 Quid
992 910 1106 949 enim
1133 911 1217 951 hoc
1246 913 1332 951 sibi
1362 918 1476 954 vult:
1507 915 1561 955 Et

91 970 198 1022 ipsos
217 966 341 1020 (illos
364 966 569 1017 superbos
593 962 816 1019 homines)
838 976 873 1003 et
890 969 1024 1019 capita
1043 969 1344 1024 eorumfortiter
1364 972 1561 1024 amputa?

91 1024 144 1064 In
168 1023 235 1061 his
258 1023 530 1061 manifestum
556 1022 669 1060 inest
694 1022 862 1060 vitium.
923 1023 1052 1076 Quod
1073 1039 1200 1078 quum
1228 1026 1356 1065 etiam
1387 1028 1561 1081 Seybol—

96 1080 170 1119 dus·
187 1088 230 1118 et
249 1079 457 1118 Jacobs-ius
486 1077 721 1127 vidissent,
763 1078 858 1116 tolli
882 1078 925 1117 id
951 1094 1074 1132 posse
1099 1081 1346 1134 sperabant,
1377 1084 1449 1122 ille
1470 1098 1560 1122 mu-

92 1134 252 1175 tando:
282 1151 474 1189 γεννικως
493 1130 584 1175 κατ’
615 1130 771 1182 αὐτούς.
826 1135 886 1175 ’.Ω
917 1139 1092 1189 βελτίστη
1116 1147 1196 1178 etc.
1238 1152 1346 1191 quae
1377 1141 1559 1179 mutatio

95 1193 150 1231 ad
171 1206 339 1230 sensum
361 1191 520 1229 insulsa
540 1199 580 1229 et
596 1190 822 1244 languida,
855 1191 906 1229 ad
929 1193 1103 1246 linguae
1128 1197 1244 1247 leges
1274 1195 1559 1247 incommoda,

96 1249 202 1304 quin
227 1249 353 1286 etiam
377 1250 559 1295 soloeca,
593 1256 681 1298 est3
713 1246 794 1284 hic
787 1248 1060 1304 corrigendo
1084 1249 1153 1297 (in
1173 1250 1559 1295 P01sor1.Adverss

95 1319 139 1358 P·
163 1308 259 1348 289.
275 1306 312 1354 ):
344 1320 538 1358 γεννικως
556 1309 644 1343 καῖε
664 1300 834 1352 αὐτούς,
876 1305 906 1344 ώ
926 1308 961 1358 β.
975 1334 986 1353 ,
1013 1306 1080 1346 καὶ
1101 1315 1180 1344 etc.
1240 1307 1395 1346 Verum
1427 1318 1475 1346 ut
1500 1318 1562 1347 ta-

94 1376 234 1408 ceam,
265 1374 342 1413 pro
364 1365 449 1401 καῖε
469 1359 694 1398 Lucianum
718 1358 862 1398 Attica
886 1361 1021 1399 forma
1041 1358 1114 1403 κάε
1131 1376 1307 1400 usurum
1329 1363 1486 1415 fuisse,
1519 1375 1564 1405 et

91 1419 273 1456 formam
292 1415 402 1454 hanc
424 1419 494 1454 vel
515 1415 642 1454 etiam
666 1416 783 1453 illam
803 1430 890 1455 non
915 1417 1043 1458 facile
1067 1432 1088 1456 a
1109 1418 1294 1457 librariis
1314 1435 1406 1458 cum
1426 1419 1562 1474 figura

92 1476 273 1526 copulae
291 1473 359 1514 καὶ
381 1471 620 1519 decurtata,
653 1485 735 1524 qua
760 1472 1000 1524 antiquitus
1020 1475 1107 1514 fere
1128 1475 1195 1512 usi
1218 1485 1339 1526 sunt,
1374 1491 1561 1515 commu-

92 1529 175 1569 tari
199 1529 413 1582 potuisse;
447 1527 584 1566 hiulci
609 1528 754 1567 nescio
778 1528 882 1582 quid
907 1539 948 1568 et
970 1531 1106 1583 asperi
1129 1532 1330 1570 immanet
1356 1533 1558 1584 orationi,

96 1585 222 1654 quod
236 1584 355 1636 vide,
388 1598 441 1622 an
471 1584 556 1622 alia
590 1585 758 1624 ratione
791 1584 997 1624 radicitus
1028 1590 1219 1627 tollatur.
1280 1588 1455 1627 Scilicet
1493 1592 1564 1632 καὶ

92 1638 246 1691 αὐτους
272 1641 324 1680 ad
354 1638 643 1690 ἆνασκΟἏόπιζε
677 1640 889 1705 pertinere
921 1652 1056 1694 puto,
1105 1643 1458 1696 quemadmodum
1491 1646 1563 1697 τὰς

92 1697 274 1752 κεφαλας
296 1696 392 1737 ad’
369 1696 574 1751 απότεμνε.
637 1695 754 1750 Quid
778 1697 935 1750 igitur,
968 1700 1005 1736 si
1025 1699 1128 1737 huic
1159 1700 1290 1737 nexui
1314 1702 1563 1741 accomode-

91 1769 183 1795 mus
203 1755 405 1794 letionem
439 1754 554 1792 hunc
584 1754 628 1791 in
647 1751 855 1822 ‚modum‚
891 1748 1023 1808 E23y73
1064 1756 1094 1796 ὠ
1126 1760 1314 1796 Κλωθοῖ·
1347 1764 1563 1810 γεννικῶς,

93 1830 125 1853 ω
147 1813 320 1865 βελτίστη
335 1840 346 1858 ‚
378 1811 446 1851 καὶ
468 1805 614 1857 αὐτοὺς
634 1826 684 1849 αν
689 1807 923 1858 ασκολόπιζε
955 1810 1066 1862 (hoc
1095 1811 1267 1862 respicit
1291 1811 1343 1850 ad
1362 1813 1563 1865 Polycra-

93 1866 197 1919 tem)
216 1868 283 1907 καὶ
300 1883 371 1915 τας
389 1884 431 1907 κε
436 1865 566 1917 φαλὰς
588 1864 782 1916 ἀπότεμνε
805 1864 907 1918 (hoc
929 1866 980 1904 ad
1004 1866 1196 1930 Cyrum).
1229 1867 1300 1907 Sic
1321 1869 1406 1907 levi
1427 1880 1563 1909 trans..

91 1923 313 1977 positione
341 1922 564 1961 verborum
594 1922 708 1959 facta
733 1920 837 1959 bene
858 1921 1054 1973 procedit
1083 1923 1237 1964 oratio.
1298 1925 1441 1963 Etiam
1465 1929 1563 1966 Mi.-

94 1979 239 2031 cyllum
260 1977 379 2025 vidi
412 1987 639 2031 postquam
672 1976 723 2015 de
753 1977 1009 2015 emendandi
1032 1978 1160 2018 modo
1192 1982 1274 2033 jam
1297 1981 1563 2023 constitisset

92 2035 226 2081 mihi,
267 2035 329 2072 sic
359 2035 706 2086 interpretatum:
737 2035 796 2071 ita
822 2044 857 2072 et
886 2036 991 2086 ipsos
1013 2036 1172 2091 suffige‚
1203 2047 1238 2074 et
1268 2052 1398 2075 eorum
1431 2043 1563 2092 capita

90 2107 270 2145 generose
291 2091 490 2131 den-,unca
522 2114 579 2120 -
609 2090 688 2127 His
711 2094 893 2132 a.1811.
928 2090 1091 2142 publici
1123 2091 1291 2130 arbitrii
1320 2094 1444 2131 factis
1477 2097 1563 2133 ali-

95 2159 300 2201 quantum
325 2147 528 2185 momenti
551 2144 717 2184 addidit
738 2144 1006 2199 Jolz.Seage1-i
1026 2161 1241 2197 assensus,
1276 2149 1350 2201 qui
1378 2150 1422 2187 in
1446 2151 1563 2190 Clas-

95 2205 201 2242 sical
229 2204 409 2245 Journal
438 2203 568 2242 Num.
598 2201 742 2241 XVII.
771 2216 807 2241 3.
834 2207 954 2245 1814.
979 2218 1021 2256 p.
1047 2207 1139 2247 159.
1183 2204 1356 2243 eandem
1387 2220 1560 2258 prorsus

93 2262 193 2298 loco
226 2259 482 2298 afferendam
511 2257 722 2311 judicavit
750 2257 1016 2300 medicinam.
1076 2261 1217 2299 Tanto
1247 2261 1419 2299 facilius
1447 2277 1564 2303 nunc

94 2315 159 2355 sic
175 2315 245 2355 edi
270 2314 671 2354 curabam.L1·:11M.

209 2399 310 2438 Ead.
332 2402 360 2440 l.
380 2404 417 2442 9.
445 2396 515 2441 Ἐν
537 2395 737 2454 τοςούτῳ)
782 2400 979 2439 Errorem
1003 2399 1280 2454 interpretum
1312 2404 1566 2455 perstrinxit

98 2455 151 2496 L.
184 2455 267 2494 Bos
296 2457 381 2495 ΕΠ.
414 2456 486 2494 Gr.
526 2470 623 2511 pag.
645 2461 740 2498 200.
783 2456 966 2497 Hnmsrr.
1027 2457 1096 2497 Cf.
1131 2457 1182 2496 ad
1207 2458 1375 2502 Timon.
1405 2462 1500 2502 Vol.
1526 2463 1564 2503 Ι.

97 2527 141 2565 p.
161 2515 254 2557 395.
274 2526 335 2566 sq.
365 2512 522 2551 me.

212 2595 319 2636 Ibid.
372 2591 688 2651 Ἐπαιρέσθων)
734 2591 1080 2650 Ἐπαιρὲσθωσαν.
1129 2598 1276 2638 Bnon.
1344 2599 1567 2639 Probanda

103 2653 282 2693 omnino
305 2661 369 2691 est
396 2653 634 2693 emendatio
656 2653 868 2692 Βνοεῖαεί
858 2669 902 2692 in
924 2654 1110 2694 Miscell.
1135 2649 1210 2697 IX.
1234 2670 1267 2694 c.
1290 2660 1355 2699 10.
1386 2658 1567 2710 legentis

100 2709 239 2766 ἕπᾳιρε
224 2710 423 2751 έ.σθωσαν
482 2710 780 2764 Praeterquam
799 2710 913 2750 enim
936 2709 1050 2763 quod
1073 2720 1116 2750 et
1135 2711 1177 2750 in
1202 2712 1568 2765 praecedentibus,
