1781 3174
434 243 504 275 1N
573 242 659 273 nn
729 243 1221 274 SAcniFlelis.
1455 237 1549 283 481

96 343 173 384 tim
190 343 266 383 nbi
297 341 348 382 de
376 339 736 395 philosophorum
768 340 1016 382 austeritate
1045 341 1209 397 agitur,
1241 352 1291 382 ut
1311 343 1398 385 vit.
1426 346 1552 389 Auct.

96 416 188 454 cap,
215 406 253 444 7,
288 409 329 439 et
355 398 430 438 Bis
450 399 603 436 Accus.
634 411 667 435 c.
687 401 753 439 11.
812 397 871 435 Et
890 397 1165 438 Grammatici
1189 413 1293 440 voce
1313 405 1556 454 σκυθρωπὸς

93 466 276 495 utuntur
297 454 348 494 ad
369 451 730 506 interpretandum
753 450 960 507 κατηφὴς,
992 463 1040 492 ut
1060 454 1274 497 Scholiast.
1296 457 1475 512 Euripid.
1502 459 1555 500 ad

94 513 231 554 Orest.
254 527 293 552 v.
314 515 435 563 879„
469 525 562 548 cum
585 523 670 562 quo
694 509 910 549 consentit
931 510 1089 552 Suiclas.
1121 513 1276 553 me.

206 567 308 608 Εᾱᾶθ
327 571 408 610 ],7,
435 564 584 619 Ἀνθρ
599 562 744 606 ώπων
773 567 966 618 ἐνδεὲς]
998 566 1158 606 Similis
1179 570 1390 609 sententia
1411 586 1434 610 a
1452 571 1556 612 Pau·

90 625 132 665 ΖΟ
155 624 366 677 Apostolo
387 621 722 662 Atheniensibus
742 621 956 661 inculcata
972 623 1089 664 Acti.
1109 625 1291 679 Apostst.
1313 626 1465 681 XVII,
1487 634 1555 675 25.

89 683 246 721 LEHM.

206 735 394 780 EasI,l‚8.
424 733 628 777 Αἰτωλικὰ
645 731 787 788 πάθη)
823 736 1003 777 Tzeizes:
1038 738 1212 779 Αἰτωλοὶ
1228 738 1305 794 γάρ
1325 742 1390 784 καὶ
1407 739 1559 799 Ἀκαρ-

91 797 232 841 ιμᾶνες,
272 795 443 847 γείτονες
472 791 582 840 ὄντες
616 789 802 845 ἀλλήλοις
827 794 965 842 κακοὶ,
996 792 1062 835 διὰ
1088 791 1161 846 τήν
1188 799 1262 836 τοῦ
1293 802 1558 844 Καλυδωνίου

93 848 192 898 συὸς
208 846 413 902 κεφαλὴν,
443 850 512 890 καὶ
530 847 574 890 τὸ
599 850 723 901 δέρμα
739 847 842 902 πρὸς
859 845 1054 899 ἀλλήλους
1073 849 1369 904 πολεμήσαντες
1385 862 1561 909 κατετρί-

93 911 236 962 βησαν,
298 905 486 944 Consule
511 905 622 944 libro
651 905 788 957 primo
815 905 1122 959 Apollodorum.
1161 909 1304 948 Bnon.
1365 913 1483 952 Haec
1516 925 1560 954 et

95 973 233 1002 cetera
267 962 311 1000 in
334 961 498 1000 Homer·
540 962 716 1002 BOURD,
774 961 929 1001 Narrat
952 962 996 1000 in
1021 963 1314 1016 sequentibus,
1360 968 1411 1008 V.
1441 969 1556 1010 Ouid.

93 1020 206 1060 Met,
226 1019 349 1059 VIII.
370 1027 412 1057 et
430 1017 554 1057 Hom.
577 1019 628 1058 11.
649 1023 682 1059 Ι.
707 1027 748 1057 et
769 1023 814 1059 B.
848 1019 1045 1058 Aetoliae
1073 1018 1172 1058 urbs
1208 1020 1405 1075 Calydon
1441 1027 1557 1082 regia

95 1075 233 1115 Oenei
252 1075 383 1114 sedes.
414 1074 466 1113 V.
489 1074 639 1127 Iiygin.
663 1075 694 1114 f,
716 1074 837 1114 XIV·
868 1074 1035 1116 SOLAN·

209 1131 312 1170 Ead.
334 1134 362 1169 1.
388 1133 426 1172 9.
468 1130 572 1178 Τούς
588 1130 806 1179 τοςούτους
828 1129 1011 1183 φόνους)
1039 1132 1274 1174 Aetolorum
1300 1146 1336 1175 et
1363 1139 1561 1179 Acarna-

94 1205 187 1227 num
212 1187 358 1228 caedes.
420 1186 543 1226 Adde
572 1188 839 1241 Meleagrum
869 1202 919 1226 eo
949 1189 1123 1229 nomine
1154 1205 1248 1229 cum
1282 1192 1490 1249 Philippo
1519 1207 1563 1236 et

95 1246 246 1283 Toxeo
269 1243 513 1293 dimicasse,
547 1256 702 1297 eosque
722 1243 1003 1283 interfecisse.
1036 1245 1177 1285 Bnon.

209 1299 358 1339 Ead.1.
384 1304 448 1341 10.
504 1299 746 1353 ΠΙελεάγρου
774 1299 987 1350 διάλυσιν)
1035 1301 1147 1341 Nam
1179 1303 1360 1343 Althaea
1388 1307 1563 1346 fatalem

95 1355 285 1408 stipitem
311 1356 403 1409 igni
425 1355 652 1406 imposuit,
687 1370 772 1409 quo
790 1357 1002 1395 exstincto
1017 1389 1028 1408 ,
1060 1357 1152 1407 ipse
1174 1373 1346 1415 quoque
1363 1377 1447 1402 una
1466 1365 1564 1404 Me-

93 1415 237 1466 leager
256 1411 396 1464 periit.
433 1410 597 1450 Ovidius
617 1413 747 1450 citato
773 1412 1004 1452 volumine.
1036 1413 1183 1454 Bnon.

209 1468 310 1508 Eacl.
331 1471 357 1506 l.
378 1473 443 1510 11.
479 1465 876 1521 Μεμψιμοιρούσης)
917 1469 1120 1508 Fabulam
1150 1472 1303 1512 recitat
1332 1473 1448 1516 Ovicl.
1469 1477 1564 1516 Me-

95 1534 196 1565 tam.
218 1525 338 1563 V111.
369 1525 514 1564 Bnon.
575 1524 673 1567 vid,
695 1525 740 1563 in
760 1525 869 1566 Jove
892 1525 1115 1581 Tragoedo
1141 1542 1176 1569 c.
1198 1532 1266 1573 40.
1299 1540 1342 1571 et
1369 1532 1415 1570 in
1446 1533 1566 1573 Con-

95 1581 216 1622 vivio
242 1595 278 1621 e.
301 1584 369 1625 25.
402 1581 572 1620 Vonsr.

209 1637 313 1678 Eud.
337 1641 366 1677 1.
390 1643 453 1681 13.
488 1639 569 1678 Καί
584 1654 653 1689 μοι
671 1640 781 1679 δοκεῖ
798 1633 901 1692 ὁρᾷν
926 1635 1081 1690 αὐτὴν)
1112 1641 1389 1683 scribendum
1410 1657 1462 1685 ex
1479 1647 1565 1686 Ms.

95 1696 167 1737 καί
186 1711 254 1747 μοι
273 1697 381 1736 δοκῶ
399 1692 500 1747 ὅρᾷν
514 1706 522 1714 ·
555 1694 748 1747 quamvis
768 1704 808 1734 et
828 1695 922 1734 sine
940 1697 1025 1734 Ms.
1049 1711 1129 1750 ope
1150 1699 1277 1738 facile
1297 1701 1452 1754 quivis,
1488 1703 1565 1755 qui

97 1752 285 1790 animum
310 1750 515 1800 attendit,
549 1751 610 1788 sic
632 1750 900 1789 scribendum
920 1765 1010 1791 esse
1028 1753 1170 1793 videre
1189 1757 1334 1807 possit.
1366 1758 1437 1797 De
1454 1760 1566 1797 Dia.

96 1821 154 1846 :na
177 1822 277 1846 vero
300 1807 430 1856 irata,
463 1805 578 1859 quod
599 1808 790 1858 neglecta
815 1807 949 1845 fuerit
969 1808 1013 1845 in
1039 1809 1176 1848 Oenei
1197 1812 1429 1863 sacrificio,
1463 1815 1565 1854 vide

98 1863 319 1903 Homerum
341 1861 465 1900 Iliad.
492 1862 568 1900 IX.
592 1876 632 1901 v.
653 1865 749 1905 530.
783 1861 833 1900 de
855 1863 992 1916 epulis
1012 1874 1175 1917 autem,
1213 1867 1368 1921 quibus
1400 1869 1566 1910 duode-

98 1919 182 1958 cim
209 1920 328 1957 Deos
359 1928 617 1970 exceperunt
641 1918 900 1970 Aethiopes,
942 1919 1066 1958 Iliad.
1094 1919 1142 1962 α’.
1167 1938 1206 1961 v.
1239 1927 1335 1968 425-
1387 1925 1565 1967 GRAEv.

101 1977 184 2018 Καί
204 1991 271 2026 μοι
293 1976 434 2021 δοκεῖ)
473 1974 553 2012 Pro
583 1988 658 2023 (30,
702 1988 796 2012 cum
826 1990 878 2013 ex
911 1976 1004 2014 MS.
1036 1975 1079 2013 id
1111 1978 1290 2027 probat,
1330 1981 1457 2020 etiam
1487 1986 1569 2022 sinc

99 2032 220 2072 1115st
242 2029 451 2084 opefacile
465 2032 656 2082 quemvis,
689 2033 757 2084 qui
780 2033 951 2070 animum
978 2033 1154 2072 attendat
1170 2066 1181 2083 ‚
1214 2036 1460 2077 scribendum
1490 2055 1569 2078 esse

101 2091 171 2130 καί
201 2104 269 2139 μοι
296 2090 425 2135 δοκῶ,
463 2085 592 2126 videre
613 2102 749 2139 posse,
800 2087 860 2126 ait
890 2089 1107 2128 verissime
1136 2092 1202 2129 vir
1226 2107 1411 2132 summus
1440 2095 1478 2136 J.
1514 2096 1565 2137 G.

104 2144 325 2183 Graevius.
396 2144 454 2180 At
481 2156 612 2180 unum
646 2153 785 2181 tamen
823 2144 1276 2187 Amstelaedamensem
1309 2163 1361 2188 ex
1391 2164 1565 2199 eorum,

101 2200 179 2254 qui
215 2198 256 2237 id
280 2198 424 2238 videre
452 2212 528 2251 per
559 2212 602 2237 se
635 2199 761 2238 facile
794 2200 985 2252 possint,
1028 2215 1202 2242 numero
1236 2205 1469 2258 excepisset
1500 2207 1568 2247 vir

103 2255 438 2303 eruditissimus,
471 2255 509 2292 si
534 2263 621 2293 turn
647 2258 781 2305 palam
806 2256 981 2303 fuisset,
1012 2268 1174 2297 exstare
1195 2261 1404 2313 aliquem,
1439 2263 1567 2304 Grae·

102 2326 176 2351 cae
204 2312 378 2365 linguae
407 2311 606 2350 notitiam
635 2325 736 2364 prae
764 2326 809 2350 se
839 2312 1066 2363 ferentem,
1110 2315 1185 2368 qui
1220 2315 1270 2354 de
1296 2316 1422 2370 hujus
1459 2318 1566 2359 dicti

102 2368 318 2422 probitate
339 2366 566 2405 dubitaret.
627 2369 683 2404 At
701 2368 800 2405 satis
820 2377 924 2414 tum,
957 2382 1048 2407 cum
1067 2381 1304 2410 moveretur
1322 2373 1439 2423 haec,
1476 2375 1566 2430 dig·

104 2439 158 2463 na
182 2423 344 2462 scilicet
366 2424 459 2462 viro
485 2423 657 2463 Graecis
677 2424 813 2463 literis
847 2423 972 2463 docto
988 2456 998 2474 ,
1033 2428 1347 2479 controversia,
1380 2432 1565 2484 optimae

104 2490 233 2518 notae
255 2479 496 2518 auctoribus
529 2479 772 2517 confirmata
801 2489 864 2518 est
884 2480 1018 2520 dictio
1050 2484 1118 2533 μοὶ
1148 2486 1276 2533 δοκοῖ,
1310 2485 1353 2523 in
1385 2501 1465 2540 qua
1489 2486 1565 2542 ἐγώ

106 2549 229 2588 posse
252 2545 292 2574 et
309 2534 407 2573 addi
428 2545 470 2575 et
491 2536 651 2586 omitti,
684 2535 828 2587 pueri,
860 2550 945 2575 non
968 2538 1069 2586 viri,
1104 2538 1284 2578 docendi
1305 2553 1436 2582 erant.
1474 2545 1565 2597 Age

108 2602 274 2640 tamen,
307 2591 529 2643 probemus
555 2606 607 2630 ex
637 2592 868 2631 tersissimo
904 2604 1051 2632 nostro
1088 2595 1265 2635 Luciano
1292 2597 1428 2650 ipsum
1465 2601 1564 2651 ἐυώ,

108 2651 175 2687 vel
201 2649 318 2700 ἔγωγέ
337 2665 404 2699 μοι
433 2650 561 2697 δοκῶ,
604 2648 780 2703 totidem
814 2648 952 2686 verbis
981 2659 1021 2687 et
1048 2650 1197 2689 literis.
1260 2654 1370 2694 Ecce
1398 2656 1561 2706 ΛΤοςΙεν,

109 2704 154 2742 in
177 2702 423 2743 Herodoto:
451 2702 553 2758 Ἐγὼ
571 2704 640 2757 μὲν
661 2705 736 2746 οὑν
756 2703 802 2743 πὶ
821 2703 918 2744 ἄλλα
937 2703 1065 2746 πάντα
1102 2703 1328 2761 ἀποπλῆσαί
1350 2729 1417 2763 μοι
1440 2717 1564 2754 ὸόκιό.

108 2760 159 2798 In
185 2759 424 2799 Eunucho:
453 2757 531 2810 ’.Ως
549 2762 692 2815 ἔγωγε,
728 2763 763 2803 εἰ
783 2759 953 2811 δικάζων
973 2761 1206 2818 ἐτύγχανον,
1239 2767 1302 2807 ἐπὶ
1324 2773 1379 2824 τῷ
1400 2768 1564 2811 τοιούτω

155 2828 301 2859 Lat-ian.
331 2826 410 2858 Vol.
439 2830 508 2859 ΙΙΙ.
1209 2822 1291 2861 ΗΜ
1540 2820 1544 2825 ¹
