<?xml version="1.0" encoding="UTF-8"?>
<!DOCTYPE html PUBLIC "-//W3C//DTD XHTML 1.0 Transitional//EN"
    "http://www.w3.org/TR/xhtml1/DTD/xhtml1-transitional.dtd">
<html xmlns="http://www.w3.org/1999/xhtml" xml:lang="en" lang="en">
 <head>
  <title>
</title>
<meta http-equiv="Content-Type" content="text/html;charset=utf-8" />
  <meta name='ocr-system' content='tesseract 3.04.00' />
  <meta name='ocr-capabilities' content='ocr_page ocr_carea ocr_par ocr_line ocrx_word'/>
</head>
<body>
  <div class='ocr_page' id='page_1' title='image "./operagraeceetlat03luciuoft_0540.png"; bbox 0 0 1781 3174; ppageno 0'>
   <div class='ocr_carea' id='block_1_1' title="bbox 215 200 1328 251">
    <p class='ocr_par' dir='ltr' id='par_1_1' title="bbox 215 200 1328 251">
     <span class='ocr_line' id='line_1_1' title="bbox 215 200 1328 251; baseline -0.008 -1"><span class='ocrx_word' id='word_1_1' title='bbox 215 200 316 251; x_wconf 73' lang='lat'>602</span> <span class='ocrx_word' id='word_1_2' title='bbox 573 211 1328 245; x_wconf 54' lang='lat' dir='ltr'>annor-Artorius</span> 
     </span>
    </p>
   </div>
   <div class='ocr_carea' id='block_1_2' title="bbox 217 306 1693 759">
    <p class='ocr_par' dir='ltr' id='par_1_2' title="bbox 217 306 1693 759">
     <span class='ocr_line' id='line_1_2' title="bbox 217 306 1680 365; baseline -0.001 -13"><span class='ocrx_word' id='word_1_3' title='bbox 217 312 353 354; x_wconf 77' lang='lat' dir='ltr'>suisse</span> <span class='ocrx_word' id='word_1_4' title='bbox 373 308 714 365; x_wconf 78' lang='lat' dir='ltr'>sapientissimos</span> <span class='ocrx_word' id='word_1_5' title='bbox 733 322 781 348; x_wconf 86' lang='lat' dir='ltr'>ac</span> <span class='ocrx_word' id='word_1_6' title='bbox 798 306 1091 349; x_wconf 76' lang='lat' dir='ltr'>meritissimos</span> <span class='ocrx_word' id='word_1_7' title='bbox 1111 309 1384 363; x_wconf 74' lang='lat' dir='ltr'><strong>antiquitatis</strong></span> <span class='ocrx_word' id='word_1_8' title='bbox 1404 309 1534 350; x_wconf 86' lang='lat' dir='ltr'>viros.</span> <span class='ocrx_word' id='word_1_9' title='bbox 1568 311 1680 351; x_wconf 69' lang='lat' dir='ltr'>Eam</span> 
     </span>
     <span class='ocr_line' id='line_1_3' title="bbox 220 364 1685 422; baseline -0.002 -12"><span class='ocrx_word' id='word_1_10' title='bbox 220 369 314 410; x_wconf 89' lang='lat' dir='ltr'>dem</span> <span class='ocrx_word' id='word_1_11' title='bbox 344 368 486 409; x_wconf 80' lang='lat' dir='ltr'><strong><em>Noster</em></strong></span> <span class='ocrx_word' id='word_1_12' title='bbox 510 366 749 416; x_wconf 85' lang='lat' dir='ltr'>licentiam,</span> <span class='ocrx_word' id='word_1_13' title='bbox 782 364 916 420; x_wconf 86' lang='lat' dir='ltr'>magis</span> <span class='ocrx_word' id='word_1_14' title='bbox 944 365 1057 404; x_wconf 88' lang='lat' dir='ltr'>illam</span> <span class='ocrx_word' id='word_1_15' title='bbox 1079 365 1124 404; x_wconf 90' lang='lat' dir='ltr'>in</span> <span class='ocrx_word' id='word_1_16' title='bbox 1146 367 1266 405; x_wconf 87' lang='lat' dir='ltr'>vitiis</span> <span class='ocrx_word' id='word_1_17' title='bbox 1291 370 1584 421; x_wconf 68' lang='lat' dir='ltr'>cujuscunque</span> <span class='ocrx_word' id='word_1_18' title='bbox 1606 382 1685 422; x_wconf 86' lang='lat' dir='ltr'>ge-</span> 
     </span>
     <span class='ocr_line' id='line_1_4' title="bbox 221 421 1683 478; baseline -0.001 -13"><span class='ocrx_word' id='word_1_19' title='bbox 221 425 335 466; x_wconf 85' lang='lat' dir='ltr'>neris</span> <span class='ocrx_word' id='word_1_20' title='bbox 367 433 410 464; x_wconf 88' lang='lat' dir='ltr'>et</span> <span class='ocrx_word' id='word_1_21' title='bbox 437 422 686 475; x_wconf 87' lang='lat' dir='ltr'>ubicunque</span> <span class='ocrx_word' id='word_1_22' title='bbox 717 421 856 462; x_wconf 82' lang='lat' dir='ltr'>obviis</span> <span class='ocrx_word' id='word_1_23' title='bbox 884 421 1031 461; x_wconf 84' lang='lat' dir='ltr'>acerbe</span> <span class='ocrx_word' id='word_1_24' title='bbox 1069 423 1432 478; x_wconf 81' lang='lat' dir='ltr'>perstringendis,</span> <span class='ocrx_word' id='word_1_25' title='bbox 1473 437 1596 477; x_wconf 85' lang='lat' dir='ltr'>quam</span> <span class='ocrx_word' id='word_1_26' title='bbox 1636 424 1683 464; x_wconf 85' lang='lat' dir='ltr'>in</span> 
     </span>
     <span class='ocr_line' id='line_1_5' title="bbox 221 477 1686 533; baseline -0.001 -12"><span class='ocrx_word' id='word_1_27' title='bbox 221 481 456 522; x_wconf 83' lang='lat' dir='ltr'>virtutibus</span> <span class='ocrx_word' id='word_1_28' title='bbox 487 477 712 518; x_wconf 85' lang='lat' dir='ltr'>laudandis</span> <span class='ocrx_word' id='word_1_29' title='bbox 735 488 778 518; x_wconf 89' lang='lat' dir='ltr'>et</span> <span class='ocrx_word' id='word_1_30' title='bbox 806 477 1172 530; x_wconf 83' lang='lat' dir='ltr'>commendandis,</span> <span class='ocrx_word' id='word_1_31' title='bbox 1212 480 1486 533; x_wconf 85' lang='lat' dir='ltr'>conspicuam</span> <span class='ocrx_word' id='word_1_32' title='bbox 1511 490 1553 520; x_wconf 89' lang='lat' dir='ltr'>et</span> <span class='ocrx_word' id='word_1_33' title='bbox 1581 480 1686 520; x_wconf 89' lang='lat' dir='ltr'>alibi</span> 
     </span>
     <span class='ocr_line' id='line_1_6' title="bbox 223 533 1686 591; baseline -0.001 -13"><span class='ocrx_word' id='word_1_34' title='bbox 223 537 478 578; x_wconf 86' lang='lat' dir='ltr'>offendimus</span> <span class='ocrx_word' id='word_1_35' title='bbox 502 548 589 573; x_wconf 88' lang='lat' dir='ltr'>non</span> <span class='ocrx_word' id='word_1_36' title='bbox 612 534 703 574; x_wconf 87' lang='lat' dir='ltr'>sine</span> <span class='ocrx_word' id='word_1_37' title='bbox 724 534 872 587; x_wconf 88' lang='lat' dir='ltr'>aliquo</span> <span class='ocrx_word' id='word_1_38' title='bbox 904 533 1218 589; x_wconf 83' lang='lat' dir='ltr'>indignationis</span> <span class='ocrx_word' id='word_1_39' title='bbox 1240 551 1390 585; x_wconf 88' lang='lat' dir='ltr'>sensu;</span> <span class='ocrx_word' id='word_1_40' title='bbox 1425 550 1460 576; x_wconf 88' lang='lat' dir='ltr'>e.</span> <span class='ocrx_word' id='word_1_41' title='bbox 1482 550 1521 591; x_wconf 84' lang='lat' dir='ltr'>g.</span> <span class='ocrx_word' id='word_1_42' title='bbox 1549 537 1686 579; x_wconf 83' lang='lat' dir='ltr'>Dian.</span> 
     </span>
     <span class='ocr_line' id='line_1_7' title="bbox 221 589 1689 647; baseline -0.001 -13"><span class='ocrx_word' id='word_1_43' title='bbox 221 595 379 635; x_wconf 84' lang='lat' dir='ltr'>Mortt.</span> <span class='ocrx_word' id='word_1_44' title='bbox 405 589 523 633; x_wconf 68' lang='lat' dir='ltr'>XXI.</span> <span class='ocrx_word' id='word_1_45' title='bbox 553 591 689 642; x_wconf 86' lang='lat' dir='ltr'>XIII,</span> <span class='ocrx_word' id='word_1_46' title='bbox 719 593 756 636; x_wconf 87' lang='lat'>5.</span> <span class='ocrx_word' id='word_1_47' title='bbox 790 591 896 641; x_wconf 89' lang='lat' dir='ltr'>XX,</span> <span class='ocrx_word' id='word_1_48' title='bbox 920 593 959 635; x_wconf 88' lang='grc'>5.</span> <span class='ocrx_word' id='word_1_49' title='bbox 1020 590 1148 645; x_wconf 82' lang='lat' dir='ltr'>Quod</span> <span class='ocrx_word' id='word_1_50' title='bbox 1180 607 1234 633; x_wconf 87' lang='lat' dir='ltr'>ne</span> <span class='ocrx_word' id='word_1_51' title='bbox 1263 593 1478 634; x_wconf 87' lang='lat' dir='ltr'>Servatori</span> <span class='ocrx_word' id='word_1_52' title='bbox 1513 592 1689 647; x_wconf 87' lang='lat' dir='ltr'>quidem</span> 
     </span>
     <span class='ocr_line' id='line_1_8' title="bbox 224 647 1690 704; baseline -0.001 -15"><span class='ocrx_word' id='word_1_53' title='bbox 224 660 372 691; x_wconf 86' lang='lat' dir='ltr'>nostro</span> <span class='ocrx_word' id='word_1_54' title='bbox 395 647 614 701; x_wconf 85' lang='lat' dir='ltr'>pepercit,</span> <span class='ocrx_word' id='word_1_55' title='bbox 647 647 692 686; x_wconf 83' lang='lat' dir='ltr'>id</span> <span class='ocrx_word' id='word_1_56' title='bbox 710 661 811 688; x_wconf 87' lang='lat' dir='ltr'>vero</span> <span class='ocrx_word' id='word_1_57' title='bbox 831 657 952 687; x_wconf 89' lang='lat' dir='ltr'>tanto</span> <span class='ocrx_word' id='word_1_58' title='bbox 971 648 1112 687; x_wconf 87' lang='lat' dir='ltr'>minus</span> <span class='ocrx_word' id='word_1_59' title='bbox 1136 649 1388 698; x_wconf 86' lang='lat' dir='ltr'>mirandum,</span> <span class='ocrx_word' id='word_1_60' title='bbox 1423 664 1552 704; x_wconf 90' lang='lat' dir='ltr'>quum</span> <span class='ocrx_word' id='word_1_61' title='bbox 1574 649 1690 688; x_wconf 90' lang='lat' dir='ltr'>hunc</span> 
     </span>
     <span class='ocr_line' id='line_1_9' title="bbox 224 702 1693 759; baseline -0.001 -13"><span class='ocrx_word' id='word_1_62' title='bbox 224 721 277 746; x_wconf 83' lang='lat' dir='ltr'>ne</span> <span class='ocrx_word' id='word_1_63' title='bbox 300 714 447 745; x_wconf 88' lang='lat' dir='ltr'>nosset</span> <span class='ocrx_word' id='word_1_64' title='bbox 468 702 638 758; x_wconf 88' lang='lat' dir='ltr'>quidem</span> <span class='ocrx_word' id='word_1_65' title='bbox 659 705 785 754; x_wconf 86' lang='lat' dir='ltr'>satis,</span> <span class='ocrx_word' id='word_1_66' title='bbox 818 704 878 756; x_wconf 79' lang='lat' dir='ltr'>is,</span> <span class='ocrx_word' id='word_1_67' title='bbox 919 705 994 759; x_wconf 89' lang='lat' dir='ltr'>qui</span> <span class='ocrx_word' id='word_1_68' title='bbox 1019 705 1232 758; x_wconf 89' lang='lat' dir='ltr'>Socratis,</span> <span class='ocrx_word' id='word_1_69' title='bbox 1261 706 1480 755; x_wconf 87' lang='lat' dir='ltr'>Platonis,</span> <span class='ocrx_word' id='word_1_70' title='bbox 1512 705 1693 745; x_wconf 80' lang='lat' dir='ltr'>Aristo-</span> 
     </span>
    </p>
   </div>
   <div class='ocr_carea' id='block_1_3' title="bbox 225 760 1695 860">
    <p class='ocr_par' dir='ltr' id='par_1_3' title="bbox 225 760 1695 860">
     <span class='ocr_line' id='line_1_10' title="bbox 225 760 1695 818; baseline -0.001 -15"><span class='ocrx_word' id='word_1_71' title='bbox 225 762 347 812; x_wconf 87' lang='lat' dir='ltr'>telis,</span> <span class='ocrx_word' id='word_1_72' title='bbox 378 760 581 811; x_wconf 86' lang='lat' dir='ltr'>Homeri,</span> <span class='ocrx_word' id='word_1_73' title='bbox 613 761 879 817; x_wconf 82' lang='lat' dir='ltr'>aliorumque</span> <span class='ocrx_word' id='word_1_74' title='bbox 906 761 1151 817; x_wconf 86' lang='lat' dir='ltr'>principum</span> <span class='ocrx_word' id='word_1_75' title='bbox 1173 762 1458 818; x_wconf 81' lang='lat' dir='ltr'>peritissimus</span> <span class='ocrx_word' id='word_1_76' title='bbox 1477 772 1566 802; x_wconf 89' lang='lat' dir='ltr'>erat</span> <span class='ocrx_word' id='word_1_77' title='bbox 1589 776 1695 801; x_wconf 86' lang='lat' dir='ltr'>cen-</span> 
     </span>
     <span class='ocr_line' id='line_1_11' title="bbox 225 816 754 860; baseline -0.006 -1"><span class='ocrx_word' id='word_1_78' title='bbox 225 833 296 860; x_wconf 72' lang='lat' dir='ltr'>sor</span> <span class='ocrx_word' id='word_1_79' title='bbox 317 832 367 858; x_wconf 84' lang='lat' dir='ltr'>ac</span> <span class='ocrx_word' id='word_1_80' title='bbox 385 816 564 857; x_wconf 83' lang='lat' dir='ltr'>derisor.</span> <span class='ocrx_word' id='word_1_81' title='bbox 594 817 754 857; x_wconf 65' lang='lat' dir='ltr'><strong>Lanu.</strong></span> 
     </span>
    </p>
   </div>
   <div class='ocr_carea' id='block_1_4' title="bbox 229 895 1700 1001">
    <p class='ocr_par' dir='ltr' id='par_1_4' title="bbox 229 895 1700 1001">
     <span class='ocr_line' id='line_1_12' title="bbox 341 895 1700 954; baseline 0.002 -19"><span class='ocrx_word' id='word_1_82' title='bbox 341 895 445 936; x_wconf 75' lang='lat' dir='ltr'>Ead.</span> <span class='ocrx_word' id='word_1_83' title='bbox 466 899 497 937; x_wconf 88' lang='lat' dir='ltr'>l.</span> <span class='ocrx_word' id='word_1_84' title='bbox 520 901 559 940; x_wconf 85' lang='lat'>3.</span> <span class='ocrx_word' id='word_1_85' title='bbox 601 896 819 950; x_wconf 78' lang='grc' dir='ltr'><em>Κοσμήσας</em></span> <span class='ocrx_word' id='word_1_86' title='bbox 840 896 1072 952; x_wconf 81' lang='grc' dir='ltr'><em>πρότερον)</em></span> <span class='ocrx_word' id='word_1_87' title='bbox 1110 898 1335 951; x_wconf 88' lang='lat' dir='ltr'>Mancipia</span> <span class='ocrx_word' id='word_1_88' title='bbox 1350 929 1360 946; x_wconf 86' lang='lat'>,</span> <span class='ocrx_word' id='word_1_89' title='bbox 1405 914 1500 939; x_wconf 89' lang='lat' dir='ltr'>cum</span> <span class='ocrx_word' id='word_1_90' title='bbox 1530 912 1700 954; x_wconf 87' lang='lat' dir='ltr'>propo-</span> 
     </span>
     <span class='ocr_line' id='line_1_13' title="bbox 229 954 1420 1001; baseline 0.002 -7"><span class='ocrx_word' id='word_1_91' title='bbox 229 963 450 1001; x_wconf 88' lang='lat' dir='ltr'>nerentur,</span> <span class='ocrx_word' id='word_1_92' title='bbox 472 954 614 993; x_wconf 83' lang='lat' dir='ltr'>ornari</span> <span class='ocrx_word' id='word_1_93' title='bbox 633 955 842 996; x_wconf 83' lang='lat' dir='ltr'>solebant.</span> <span class='ocrx_word' id='word_1_94' title='bbox 872 955 1007 998; x_wconf 75' lang='lat' dir='ltr'>Plaut.</span> <span class='ocrx_word' id='word_1_95' title='bbox 1022 956 1210 998; x_wconf 80' lang='lat' dir='ltr'>Martial.</span> <span class='ocrx_word' id='word_1_96' title='bbox 1241 957 1420 996; x_wconf 73' lang='lat' dir='ltr'>Eoum).</span> 
     </span>
    </p>
   </div>
   <div class='ocr_carea' id='block_1_5' title="bbox 228 1032 1724 2554">
    <p class='ocr_par' dir='ltr' id='par_1_5' title="bbox 228 1032 1724 2554">
     <span class='ocr_line' id='line_1_14' title="bbox 343 1032 1699 1091; baseline 0.001 -18"><span class='ocrx_word' id='word_1_97' title='bbox 343 1033 442 1087; x_wconf 77' lang='lat' dir='ltr'>Pag.</span> <span class='ocrx_word' id='word_1_98' title='bbox 467 1037 536 1075; x_wconf 80' lang='lat'>91.</span> <span class='ocrx_word' id='word_1_99' title='bbox 568 1035 597 1075; x_wconf 93' lang='lat' dir='ltr'>l.</span> <span class='ocrx_word' id='word_1_100' title='bbox 631 1039 673 1078; x_wconf 81' lang='lat'>2.</span> <span class='ocrx_word' id='word_1_101' title='bbox 709 1032 1064 1091; x_wconf 74' lang='grc' dir='ltr'><em>Ἀποκηρύξομεν)</em></span> <span class='ocrx_word' id='word_1_102' title='bbox 1101 1036 1306 1086; x_wconf 85' lang='lat' dir='ltr'>Vertunt,</span> <span class='ocrx_word' id='word_1_103' title='bbox 1341 1034 1699 1089; x_wconf 80' lang='lat' dir='ltr'>proclamabimus:</span> 
     </span>
     <span class='ocr_line' id='line_1_15' title="bbox 232 1087 1702 1145; baseline -0.001 -15"><span class='ocrx_word' id='word_1_104' title='bbox 232 1089 306 1131; x_wconf 81' lang='lat' dir='ltr'>sed</span> <span class='ocrx_word' id='word_1_105' title='bbox 326 1089 390 1129; x_wconf 75' lang='lat' dir='ltr'>vis</span> <span class='ocrx_word' id='word_1_106' title='bbox 413 1089 532 1128; x_wconf 79' lang='lat' dir='ltr'>verbi</span> <span class='ocrx_word' id='word_1_107' title='bbox 553 1087 842 1144; x_wconf 71' lang='grc' dir='ltr'><em>ἀποκηρύττειν</em></span> <span class='ocrx_word' id='word_1_108' title='bbox 863 1093 925 1131; x_wconf 87' lang='lat' dir='ltr'>sic</span> <span class='ocrx_word' id='word_1_109' title='bbox 952 1107 1039 1132; x_wconf 90' lang='lat' dir='ltr'>non</span> <span class='ocrx_word' id='word_1_110' title='bbox 1061 1094 1163 1132; x_wconf 88' lang='lat' dir='ltr'>satis</span> <span class='ocrx_word' id='word_1_111' title='bbox 1189 1093 1469 1145; x_wconf 81' lang='lat' dir='ltr'>exprimitur,</span> <span class='ocrx_word' id='word_1_112' title='bbox 1501 1090 1617 1144; x_wconf 87' lang='lat' dir='ltr'>quod</span> <span class='ocrx_word' id='word_1_113' title='bbox 1645 1091 1702 1129; x_wconf 88' lang='lat' dir='ltr'>si-</span> 
     </span>
     <span class='ocr_line' id='line_1_16' title="bbox 232 1146 1706 1205; baseline 0 -20"><span class='ocrx_word' id='word_1_114' title='bbox 232 1146 411 1201; x_wconf 80' lang='lat' dir='ltr'>gnificat</span> <span class='ocrx_word' id='word_1_115' title='bbox 434 1148 652 1187; x_wconf 79' lang='lat' dir='ltr'>auctionem</span> <span class='ocrx_word' id='word_1_116' title='bbox 669 1149 816 1205; x_wconf 84' lang='lat' dir='ltr'>facere</span> <span class='ocrx_word' id='word_1_117' title='bbox 847 1149 1059 1200; x_wconf 81' lang='lat' dir='ltr'>bonorum,</span> <span class='ocrx_word' id='word_1_118' title='bbox 1091 1153 1183 1202; x_wconf 78' lang='lat' dir='ltr'>vel,</span> <span class='ocrx_word' id='word_1_119' title='bbox 1210 1166 1281 1204; x_wconf 84' lang='lat' dir='ltr'>per</span> <span class='ocrx_word' id='word_1_120' title='bbox 1295 1165 1527 1203; x_wconf 85' lang='lat' dir='ltr'>praeconem</span> <span class='ocrx_word' id='word_1_121' title='bbox 1546 1146 1706 1186; x_wconf 77' lang='lat' dir='ltr'>vendere</span> 
     </span>
     <span class='ocr_line' id='line_1_17' title="bbox 234 1203 1705 1262; baseline -0.001 -19"><span class='ocrx_word' id='word_1_122' title='bbox 234 1205 349 1243; x_wconf 80' lang='lat' dir='ltr'>bona.</span> <span class='ocrx_word' id='word_1_123' title='bbox 383 1203 558 1242; x_wconf 74' lang='lat' dir='ltr'>Thomas</span> <span class='ocrx_word' id='word_1_124' title='bbox 572 1204 690 1257; x_wconf 77' lang='lat' dir='ltr'>Mag.</span> <span class='ocrx_word' id='word_1_125' title='bbox 711 1207 892 1259; x_wconf 83' lang='lat' dir='ltr'>exponit</span> <span class='ocrx_word' id='word_1_126' title='bbox 906 1204 972 1247; x_wconf 71' lang='grc' dir='ltr'>διὰ</span> <span class='ocrx_word' id='word_1_127' title='bbox 992 1203 1245 1262; x_wconf 78' lang='grc' dir='ltr'><em>κηρύγματος</em></span> <span class='ocrx_word' id='word_1_128' title='bbox 1262 1211 1418 1247; x_wconf 75' lang='grc' dir='ltr'><em>πωλεῖν·</em></span> <span class='ocrx_word' id='word_1_129' title='bbox 1449 1214 1491 1245; x_wconf 86' lang='lat' dir='ltr'>et</span> <span class='ocrx_word' id='word_1_130' title='bbox 1502 1203 1705 1257; x_wconf 81' lang='lat' dir='ltr'>Harpocr.</span> 
     </span>
     <span class='ocr_line' id='line_1_18' title="bbox 228 1257 1703 1316; baseline -0.001 -15"><span class='ocrx_word' id='word_1_131' title='bbox 228 1257 616 1313; x_wconf 79' lang='grc' dir='ltr'><em>Ἀποκηρύττοντες,</em></span> <span class='ocrx_word' id='word_1_132' title='bbox 651 1261 737 1303; x_wconf 66' lang='grc' dir='ltr'><em>ἀντὶ</em></span> <span class='ocrx_word' id='word_1_133' title='bbox 755 1266 829 1304; x_wconf 83' lang='grc' dir='ltr'>τοῦ</span> <span class='ocrx_word' id='word_1_134' title='bbox 845 1262 1159 1316; x_wconf 75' lang='grc' dir='ltr'><strong><em>πιπράσκοντες·</em></strong></span> <span class='ocrx_word' id='word_1_135' title='bbox 1197 1263 1378 1303; x_wconf 87' lang='lat' dir='ltr'>inferius</span> <span class='ocrx_word' id='word_1_136' title='bbox 1400 1262 1444 1300; x_wconf 89' lang='lat' dir='ltr'>in</span> <span class='ocrx_word' id='word_1_137' title='bbox 1477 1259 1559 1299; x_wconf 88' lang='lat' dir='ltr'>hoc</span> <span class='ocrx_word' id='word_1_138' title='bbox 1583 1260 1703 1299; x_wconf 85' lang='lat' dir='ltr'>Dial.</span> 
     </span>
     <span class='ocr_line' id='line_1_19' title="bbox 233 1313 1706 1373; baseline -0.001 -14"><span class='ocrx_word' id='word_1_139' title='bbox 233 1313 366 1359; x_wconf 85' lang='grc' dir='ltr'><em>πόσου</em></span> <span class='ocrx_word' id='word_1_140' title='bbox 388 1320 534 1358; x_wconf 82' lang='grc' dir='ltr'><em>τοῦτον</em></span> <span class='ocrx_word' id='word_1_141' title='bbox 552 1313 854 1373; x_wconf 73' lang='grc' dir='ltr'><em>ἀποκηρύττεις.</em></span> <span class='ocrx_word' id='word_1_142' title='bbox 887 1321 1088 1360; x_wconf 71' lang='lat' dir='ltr'>Demosth.</span> <span class='ocrx_word' id='word_1_143' title='bbox 1116 1330 1263 1359; x_wconf 88' lang='lat' dir='ltr'>contra</span> <span class='ocrx_word' id='word_1_144' title='bbox 1286 1319 1490 1359; x_wconf 82' lang='lat' dir='ltr'>Aristocr.</span> <span class='ocrx_word' id='word_1_145' title='bbox 1540 1315 1706 1371; x_wconf 62' lang='grc' dir='ltr'><em>’Ώςπερ</em></span> 
     </span>
     <span class='ocr_line' id='line_1_20' title="bbox 237 1371 1709 1431; baseline -0.002 -16"><span class='ocrx_word' id='word_1_146' title='bbox 237 1376 279 1415; x_wconf 83' lang='grc' dir='ltr'><em>οἷ</em></span> <span class='ocrx_word' id='word_1_147' title='bbox 294 1371 342 1414; x_wconf 73' lang='grc' dir='ltr'><em>τὰ</em></span> <span class='ocrx_word' id='word_1_148' title='bbox 359 1371 483 1427; x_wconf 71' lang='grc' dir='ltr'><em>μικρὰ</em></span> <span class='ocrx_word' id='word_1_149' title='bbox 507 1374 575 1415; x_wconf 79' lang='grc' dir='ltr'>καὶ</span> <span class='ocrx_word' id='word_1_150' title='bbox 606 1378 753 1431; x_wconf 80' lang='grc' dir='ltr'><em>κομιδῇ</em></span> <span class='ocrx_word' id='word_1_151' title='bbox 782 1380 920 1429; x_wconf 81' lang='grc' dir='ltr'><em>φαῦλα</em></span> <span class='ocrx_word' id='word_1_152' title='bbox 949 1372 1314 1430; x_wconf 62' lang='grc' dir='ltr'><em>ἀποκηρύττοντες,</em></span> <span class='ocrx_word' id='word_1_153' title='bbox 1358 1373 1464 1416; x_wconf 78' lang='grc' dir='ltr'><em>οὕτω</em></span> <span class='ocrx_word' id='word_1_154' title='bbox 1501 1378 1709 1415; x_wconf 82' lang='grc' dir='ltr'><em>πωλοῦσιν</em></span> 
     </span>
     <span class='ocr_line' id='line_1_21' title="bbox 235 1428 1706 1484; baseline -0.002 -13"><span class='ocrx_word' id='word_1_155' title='bbox 235 1431 552 1478; x_wconf 78' lang='grc' dir='ltr'><em>ἐπευωνίζοντες.</em></span> <span class='ocrx_word' id='word_1_156' title='bbox 584 1430 638 1468; x_wconf 86' lang='lat' dir='ltr'>L.</span> <span class='ocrx_word' id='word_1_157' title='bbox 657 1432 762 1471; x_wconf 87' lang='lat' dir='ltr'>Bos.</span> <span class='ocrx_word' id='word_1_158' title='bbox 807 1432 864 1470; x_wconf 88' lang='lat' dir='ltr'>At</span> <span class='ocrx_word' id='word_1_159' title='bbox 884 1432 1060 1471; x_wconf 83' lang='lat' dir='ltr'>ubinam</span> <span class='ocrx_word' id='word_1_160' title='bbox 1082 1442 1145 1472; x_wconf 90' lang='lat' dir='ltr'>est</span> <span class='ocrx_word' id='word_1_161' title='bbox 1163 1432 1375 1472; x_wconf 86' lang='lat' dir='ltr'>Mercurii</span> <span class='ocrx_word' id='word_1_162' title='bbox 1395 1429 1669 1484; x_wconf 84' lang='lat' dir='ltr'>praeconium</span> <span class='ocrx_word' id='word_1_163' title='bbox 1684 1428 1706 1468; x_wconf 70' lang='grc' dir='ltr'>ἱ)</span> 
     </span>
     <span class='ocr_line' id='line_1_22' title="bbox 235 1485 1708 1542; baseline -0.002 -15"><span class='ocrx_word' id='word_1_164' title='bbox 235 1486 466 1527; x_wconf 83' lang='lat' dir='ltr'>Praeconis</span> <span class='ocrx_word' id='word_1_165' title='bbox 491 1485 583 1539; x_wconf 86' lang='lat' dir='ltr'>ipse</span> <span class='ocrx_word' id='word_1_166' title='bbox 606 1487 806 1542; x_wconf 77' lang='lat' dir='ltr'>fungitur</span> <span class='ocrx_word' id='word_1_167' title='bbox 833 1487 976 1528; x_wconf 87' lang='lat' dir='ltr'>officio</span> <span class='ocrx_word' id='word_1_168' title='bbox 1006 1490 1201 1542; x_wconf 76' lang='lat' dir='ltr'>Jupiter,</span> <span class='ocrx_word' id='word_1_169' title='bbox 1235 1487 1460 1542; x_wconf 86' lang='lat' dir='ltr'>dignitatis</span> <span class='ocrx_word' id='word_1_170' title='bbox 1485 1500 1585 1525; x_wconf 87' lang='lat' dir='ltr'>suae.</span> <span class='ocrx_word' id='word_1_171' title='bbox 1618 1499 1708 1524; x_wconf 91' lang='lat' dir='ltr'>non</span> 
     </span>
     <span class='ocr_line' id='line_1_23' title="bbox 238 1542 1711 1598; baseline -0.002 -15"><span class='ocrx_word' id='word_1_172' title='bbox 238 1543 343 1583; x_wconf 85' lang='lat' dir='ltr'>satis</span> <span class='ocrx_word' id='word_1_173' title='bbox 368 1556 547 1590; x_wconf 90' lang='lat' dir='ltr'>memor,</span> <span class='ocrx_word' id='word_1_174' title='bbox 580 1542 746 1596; x_wconf 85' lang='lat' dir='ltr'>vixque</span> <span class='ocrx_word' id='word_1_175' title='bbox 775 1554 945 1598; x_wconf 86' lang='lat' dir='ltr'>peracto</span> <span class='ocrx_word' id='word_1_176' title='bbox 983 1545 1216 1598; x_wconf 89' lang='lat' dir='ltr'>praeconio</span> <span class='ocrx_word' id='word_1_177' title='bbox 1248 1545 1493 1597; x_wconf 85' lang='lat' dir='ltr'>interpellat</span> <span class='ocrx_word' id='word_1_178' title='bbox 1525 1543 1711 1582; x_wconf 79' lang='lat' dir='ltr'>Mercu-</span> 
     </span>
     <span class='ocr_line' id='line_1_24' title="bbox 239 1598 1711 1654; baseline -0.002 -15"><span class='ocrx_word' id='word_1_179' title='bbox 239 1600 356 1649; x_wconf 87' lang='lat' dir='ltr'>rius,</span> <span class='ocrx_word' id='word_1_180' title='bbox 390 1608 619 1653; x_wconf 86' lang='lat' dir='ltr'>monetque</span> <span class='ocrx_word' id='word_1_181' title='bbox 642 1610 683 1638; x_wconf 87' lang='lat' dir='ltr'>et</span> <span class='ocrx_word' id='word_1_182' title='bbox 707 1601 828 1653; x_wconf 84' lang='lat' dir='ltr'>quasi</span> <span class='ocrx_word' id='word_1_183' title='bbox 849 1601 1053 1654; x_wconf 89' lang='lat' dir='ltr'>imperat,</span> <span class='ocrx_word' id='word_1_184' title='bbox 1087 1611 1135 1640; x_wconf 90' lang='lat' dir='ltr'>ut</span> <span class='ocrx_word' id='word_1_185' title='bbox 1155 1601 1345 1641; x_wconf 83' lang='lat' dir='ltr'>festinet.</span> <span class='ocrx_word' id='word_1_186' title='bbox 1406 1601 1499 1639; x_wconf 83' lang='lat' dir='ltr'>Non</span> <span class='ocrx_word' id='word_1_187' title='bbox 1526 1599 1617 1637; x_wconf 74' lang='lat' dir='ltr'>bene</span> <span class='ocrx_word' id='word_1_188' title='bbox 1639 1598 1711 1637; x_wconf 76' lang='lat' dir='ltr'>‹li-</span> 
     </span>
     <span class='ocr_line' id='line_1_25' title="bbox 239 1654 1711 1708; baseline -0.001 -13"><span class='ocrx_word' id='word_1_189' title='bbox 239 1659 326 1695; x_wconf 82' lang='lat' dir='ltr'>visa</span> <span class='ocrx_word' id='word_1_190' title='bbox 346 1654 581 1708; x_wconf 72' lang='lat' dir='ltr'>temporibus</span> <span class='ocrx_word' id='word_1_191' title='bbox 600 1656 728 1696; x_wconf 62' lang='lat' dir='ltr'>isthac</span> <span class='ocrx_word' id='word_1_192' title='bbox 754 1668 843 1696; x_wconf 81' lang='lat' dir='ltr'>sunt</span> <span class='ocrx_word' id='word_1_193' title='bbox 877 1658 970 1707; x_wconf 70' lang='lat' dir='ltr'>tibi,</span> <span class='ocrx_word' id='word_1_194' title='bbox 997 1674 1018 1698; x_wconf 92' lang='lat'>0</span> <span class='ocrx_word' id='word_1_195' title='bbox 1050 1659 1172 1698; x_wconf 77' lang='lat' dir='ltr'>Dave.</span> <span class='ocrx_word' id='word_1_196' title='bbox 1234 1656 1372 1696; x_wconf 86' lang='lat' dir='ltr'>Credo</span> <span class='ocrx_word' id='word_1_197' title='bbox 1409 1665 1591 1694; x_wconf 86' lang='lat' dir='ltr'>mutatas</span> <span class='ocrx_word' id='word_1_198' title='bbox 1621 1668 1711 1694; x_wconf 84' lang='lat' dir='ltr'>esse</span> 
     </span>
     <span class='ocr_line' id='line_1_26' title="bbox 240 1708 1710 1768; baseline -0.001 -17"><span class='ocrx_word' id='word_1_199' title='bbox 240 1725 465 1765; x_wconf 78' lang='lat' dir='ltr'>personaS,</span> <span class='ocrx_word' id='word_1_200' title='bbox 501 1721 543 1748; x_wconf 90' lang='lat' dir='ltr'>et</span> <span class='ocrx_word' id='word_1_201' title='bbox 572 1712 784 1751; x_wconf 83' lang='lat' dir='ltr'>Mercurii</span> <span class='ocrx_word' id='word_1_202' title='bbox 814 1714 1091 1766; x_wconf 89' lang='lat' dir='ltr'>praeconium</span> <span class='ocrx_word' id='word_1_203' title='bbox 1124 1713 1315 1767; x_wconf 88' lang='lat' dir='ltr'>incipere</span> <span class='ocrx_word' id='word_1_204' title='bbox 1341 1713 1389 1751; x_wconf 90' lang='lat' dir='ltr'>ab</span> <span class='ocrx_word' id='word_1_205' title='bbox 1415 1710 1570 1768; x_wconf 82' lang='grc' dir='ltr'><strong><em>Ἀγαθῇ</em></strong></span> <span class='ocrx_word' id='word_1_206' title='bbox 1601 1708 1710 1767; x_wconf 81' lang='grc' dir='ltr'><em>τύχῃ.</em></span> 
     </span>
     <span class='ocr_line' id='line_1_27' title="bbox 242 1767 1712 1824; baseline -0.001 -18"><span class='ocrx_word' id='word_1_207' title='bbox 242 1782 347 1806; x_wconf 82' lang='lat' dir='ltr'>mox</span> <span class='ocrx_word' id='word_1_208' title='bbox 379 1782 455 1820; x_wconf 87' lang='lat' dir='ltr'>pro</span> <span class='ocrx_word' id='word_1_209' title='bbox 490 1768 621 1808; x_wconf 61' lang='lat' dir='ltr'>Mer-c.</span> <span class='ocrx_word' id='word_1_210' title='bbox 658 1769 928 1809; x_wconf 79' lang='lat' dir='ltr'>scribendum</span> <span class='ocrx_word' id='word_1_211' title='bbox 963 1771 1053 1824; x_wconf 79' lang='lat' dir='ltr'>Jup.</span> <span class='ocrx_word' id='word_1_212' title='bbox 1088 1780 1129 1811; x_wconf 91' lang='lat' dir='ltr'>et</span> <span class='ocrx_word' id='word_1_213' title='bbox 1167 1771 1207 1809; x_wconf 90' lang='lat' dir='ltr'>ei</span> <span class='ocrx_word' id='word_1_214' title='bbox 1239 1770 1383 1809; x_wconf 89' lang='lat' dir='ltr'>omnia</span> <span class='ocrx_word' id='word_1_215' title='bbox 1425 1767 1712 1816; x_wconf 86' lang='lat' dir='ltr'>concedenda,</span> 
     </span>
     <span class='ocr_line' id='line_1_28' title="bbox 245 1823 1716 1878; baseline -0.001 -16"><span class='ocrx_word' id='word_1_216' title='bbox 245 1838 353 1878; x_wconf 88' lang='lat' dir='ltr'>quae</span> <span class='ocrx_word' id='word_1_217' title='bbox 374 1823 594 1876; x_wconf 89' lang='lat' dir='ltr'>incipiunt</span> <span class='ocrx_word' id='word_1_218' title='bbox 621 1839 642 1863; x_wconf 87' lang='lat' dir='ltr'>a</span> <span class='ocrx_word' id='word_1_219' title='bbox 673 1828 818 1867; x_wconf 79' lang='grc' dir='ltr'><em>πολλοὶ</em></span> <span class='ocrx_word' id='word_1_220' title='bbox 844 1837 886 1865; x_wconf 90' lang='lat' dir='ltr'>et</span> <span class='ocrx_word' id='word_1_221' title='bbox 907 1827 952 1864; x_wconf 91' lang='lat' dir='ltr'>in</span> <span class='ocrx_word' id='word_1_222' title='bbox 981 1824 1055 1870; x_wconf 74' lang='grc' dir='ltr'><em>οὖν</em></span> <span class='ocrx_word' id='word_1_223' title='bbox 1085 1827 1299 1866; x_wconf 83' lang='lat' dir='ltr'>desinunt.</span> <span class='ocrx_word' id='word_1_224' title='bbox 1357 1825 1440 1864; x_wconf 89' lang='lat' dir='ltr'>His</span> <span class='ocrx_word' id='word_1_225' title='bbox 1472 1824 1646 1877; x_wconf 81' lang='lat' dir='ltr'>positis,</span> <span class='ocrx_word' id='word_1_226' title='bbox 1678 1824 1716 1862; x_wconf 89' lang='lat' dir='ltr'>si</span> 
     </span>
     <span class='ocr_line' id='line_1_29' title="bbox 244 1877 1715 1937; baseline 0 -19"><span class='ocrx_word' id='word_1_227' title='bbox 244 1895 323 1934; x_wconf 85' lang='lat' dir='ltr'>pro</span> <span class='ocrx_word' id='word_1_228' title='bbox 344 1877 653 1934; x_wconf 68' lang='grc' dir='ltr'><em>ἀποκηρύξομεν</em></span> <span class='ocrx_word' id='word_1_229' title='bbox 673 1883 714 1924; x_wconf 80' lang='grc' dir='ltr'>δὲ</span> <span class='ocrx_word' id='word_1_230' title='bbox 733 1885 847 1937; x_wconf 80' lang='lat' dir='ltr'>legas</span> <span class='ocrx_word' id='word_1_231' title='bbox 870 1892 1036 1922; x_wconf 85' lang='lat' dir='ltr'>tantum</span> <span class='ocrx_word' id='word_1_232' title='bbox 1064 1880 1417 1936; x_wconf 69' lang='grc' dir='ltr'><em>ἀποκηρύττομεν,</em></span> <span class='ocrx_word' id='word_1_233' title='bbox 1454 1881 1516 1919; x_wconf 84' lang='lat' dir='ltr'>sie</span> <span class='ocrx_word' id='word_1_234' title='bbox 1547 1879 1715 1919; x_wconf 87' lang='lat' dir='ltr'>demum</span> 
     </span>
     <span class='ocr_line' id='line_1_30' title="bbox 246 1935 1717 1990; baseline -0.001 -15"><span class='ocrx_word' id='word_1_235' title='bbox 246 1936 372 1976; x_wconf 89' lang='lat' dir='ltr'>credo</span> <span class='ocrx_word' id='word_1_236' title='bbox 393 1939 535 1975; x_wconf 88' lang='lat' dir='ltr'>locum</span> <span class='ocrx_word' id='word_1_237' title='bbox 558 1938 802 1977; x_wconf 86' lang='lat' dir='ltr'>restitutum</span> <span class='ocrx_word' id='word_1_238' title='bbox 826 1940 892 1981; x_wconf 77' lang='lat' dir='ltr'>iri.</span> <span class='ocrx_word' id='word_1_239' title='bbox 955 1940 1030 1979; x_wconf 90' lang='lat' dir='ltr'>Sin</span> <span class='ocrx_word' id='word_1_240' title='bbox 1055 1941 1158 1980; x_wconf 88' lang='lat' dir='ltr'>haec</span> <span class='ocrx_word' id='word_1_241' title='bbox 1180 1940 1282 1979; x_wconf 90' lang='lat' dir='ltr'>satis</span> <span class='ocrx_word' id='word_1_242' title='bbox 1306 1953 1394 1978; x_wconf 89' lang='lat' dir='ltr'>non</span> <span class='ocrx_word' id='word_1_243' title='bbox 1417 1940 1607 1990; x_wconf 80' lang='lat' dir='ltr'>placent.</span> <span class='ocrx_word' id='word_1_244' title='bbox 1641 1935 1717 1974; x_wconf 88' lang='lat' dir='ltr'>ali·</span> 
     </span>
     <span class='ocr_line' id='line_1_31' title="bbox 244 1993 1718 2045; baseline -0.001 -12"><span class='ocrx_word' id='word_1_245' title='bbox 244 2002 311 2033; x_wconf 85' lang='lat' dir='ltr'>ter</span> <span class='ocrx_word' id='word_1_246' title='bbox 334 1995 482 2032; x_wconf 88' lang='lat' dir='ltr'>saltem</span> <span class='ocrx_word' id='word_1_247' title='bbox 519 1994 817 2045; x_wconf 84' lang='lat' dir='ltr'>praecedentia</span> <span class='ocrx_word' id='word_1_248' title='bbox 842 1997 886 2034; x_wconf 90' lang='lat' dir='ltr'>in</span> <span class='ocrx_word' id='word_1_249' title='bbox 911 1996 1026 2035; x_wconf 89' lang='lat' dir='ltr'>hunc</span> <span class='ocrx_word' id='word_1_250' title='bbox 1051 1998 1183 2036; x_wconf 87' lang='lat' dir='ltr'>ferme</span> <span class='ocrx_word' id='word_1_251' title='bbox 1216 1994 1388 2035; x_wconf 90' lang='lat' dir='ltr'>modum</span> <span class='ocrx_word' id='word_1_252' title='bbox 1410 2003 1554 2033; x_wconf 85' lang='lat' dir='ltr'>verte:</span> <span class='ocrx_word' id='word_1_253' title='bbox 1589 1993 1718 2031; x_wconf 82' lang='lat' dir='ltr'>Tuum</span> 
     </span>
     <span class='ocr_line' id='line_1_32' title="bbox 246 2049 1719 2109; baseline -0.001 -21"><span class='ocrx_word' id='word_1_254' title='bbox 246 2060 374 2088; x_wconf 71' lang='lat' dir='ltr'>autem</span> <span class='ocrx_word' id='word_1_255' title='bbox 394 2052 485 2099; x_wconf 83' lang='lat' dir='ltr'>erit,</span> <span class='ocrx_word' id='word_1_256' title='bbox 518 2050 719 2100; x_wconf 66' lang='lat' dir='ltr'>Effercuri,</span> <span class='ocrx_word' id='word_1_257' title='bbox 749 2055 957 2105; x_wconf 79' lang='lat' dir='ltr'>praeconis</span> <span class='ocrx_word' id='word_1_258' title='bbox 972 2070 1125 2091; x_wconf 82' lang='lat' dir='ltr'>munere</span> <span class='ocrx_word' id='word_1_259' title='bbox 1134 2053 1264 2109; x_wconf 72' lang='lat' dir='ltr'>fimgi</span> <span class='ocrx_word' id='word_1_260' title='bbox 1272 2082 1283 2100; x_wconf 94' lang='lat'><em>‚</em></span> <span class='ocrx_word' id='word_1_261' title='bbox 1316 2063 1372 2100; x_wconf 82' lang='lat' dir='ltr'>et,</span> <span class='ocrx_word' id='word_1_262' title='bbox 1407 2049 1514 2105; x_wconf 70' lang='lat' dir='ltr'>quod</span> <span class='ocrx_word' id='word_1_263' title='bbox 1535 2049 1719 2088; x_wconf 75' lang='lat' dir='ltr'>benever·</span> 
     </span>
     <span class='ocr_line' id='line_1_33' title="bbox 245 2104 1720 2162; baseline 0 -18"><span class='ocrx_word' id='word_1_264' title='bbox 245 2116 328 2155; x_wconf 69' lang='lat' dir='ltr'>iat,</span> <span class='ocrx_word' id='word_1_265' title='bbox 357 2109 444 2160; x_wconf 84' lang='lat' dir='ltr'>jam</span> <span class='ocrx_word' id='word_1_266' title='bbox 466 2105 521 2144; x_wconf 77' lang='lat' dir='ltr'>ad</span> <span class='ocrx_word' id='word_1_267' title='bbox 539 2106 731 2146; x_wconf 81' lang='lat' dir='ltr'>Porsenae</span> <span class='ocrx_word' id='word_1_268' title='bbox 752 2111 850 2162; x_wconf 71' lang='lat' dir='ltr'>regis</span> <span class='ocrx_word' id='word_1_269' title='bbox 872 2109 976 2148; x_wconf 79' lang='lat' dir='ltr'>bona</span> <span class='ocrx_word' id='word_1_270' title='bbox 999 2109 1160 2148; x_wconf 80' lang='lat' dir='ltr'>emenda</span> <span class='ocrx_word' id='word_1_271' title='bbox 1184 2109 1355 2148; x_wconf 81' lang='lat' dir='ltr'>allicere.</span> <span class='ocrx_word' id='word_1_272' title='bbox 1388 2108 1556 2146; x_wconf 61' lang='lat' dir='ltr'>Sonm.</span> <span class='ocrx_word' id='word_1_273' title='bbox 1616 2104 1720 2144; x_wconf 83' lang='lat' dir='ltr'>Me-</span> 
     </span>
     <span class='ocr_line' id='line_1_34' title="bbox 247 2161 1719 2219; baseline -0.001 -18"><span class='ocrx_word' id='word_1_274' title='bbox 247 2176 318 2201; x_wconf 85' lang='lat' dir='ltr'>rae</span> <span class='ocrx_word' id='word_1_275' title='bbox 339 2161 417 2202; x_wconf 88' lang='lat' dir='ltr'>hae</span> <span class='ocrx_word' id='word_1_276' title='bbox 437 2163 657 2217; x_wconf 84' lang='lat' dir='ltr'>argutiae,</span> <span class='ocrx_word' id='word_1_277' title='bbox 692 2167 760 2204; x_wconf 88' lang='lat' dir='ltr'>vel</span> <span class='ocrx_word' id='word_1_278' title='bbox 785 2165 931 2216; x_wconf 88' lang='lat' dir='ltr'>potius</span> <span class='ocrx_word' id='word_1_279' title='bbox 953 2180 1090 2219; x_wconf 82' lang='lat' dir='ltr'>nugae</span> <span class='ocrx_word' id='word_1_280' title='bbox 1112 2166 1273 2217; x_wconf 83' lang='lat' dir='ltr'>vixque</span> <span class='ocrx_word' id='word_1_281' title='bbox 1302 2163 1479 2218; x_wconf 82' lang='lat' dir='ltr'>dignae,</span> <span class='ocrx_word' id='word_1_282' title='bbox 1512 2174 1618 2214; x_wconf 90' lang='lat' dir='ltr'>quae</span> <span class='ocrx_word' id='word_1_283' title='bbox 1651 2175 1719 2199; x_wconf 89' lang='lat' dir='ltr'>re-</span> 
     </span>
     <span class='ocr_line' id='line_1_35' title="bbox 249 2216 1717 2272; baseline -0.001 -16"><span class='ocrx_word' id='word_1_284' title='bbox 249 2218 500 2272; x_wconf 80' lang='lat' dir='ltr'>spiciamur.</span> <span class='ocrx_word' id='word_1_285' title='bbox 560 2219 663 2258; x_wconf 90' lang='lat' dir='ltr'>Non</span> <span class='ocrx_word' id='word_1_286' title='bbox 693 2220 914 2260; x_wconf 85' lang='lat' dir='ltr'>intellexit</span> <span class='ocrx_word' id='word_1_287' title='bbox 945 2223 1110 2262; x_wconf 89' lang='lat' dir='ltr'>scilicet</span> <span class='ocrx_word' id='word_1_288' title='bbox 1141 2221 1338 2269; x_wconf 75' lang='lat' dir='ltr'>solanus,</span> <span class='ocrx_word' id='word_1_289' title='bbox 1373 2219 1590 2258; x_wconf 86' lang='lat' dir='ltr'>dominum</span> <span class='ocrx_word' id='word_1_290' title='bbox 1622 2216 1663 2254; x_wconf 90' lang='lat' dir='ltr'>h.</span> <span class='ocrx_word' id='word_1_291' title='bbox 1688 2219 1717 2255; x_wconf 89' lang='lat' dir='ltr'>l.</span> 
     </span>
     <span class='ocr_line' id='line_1_36' title="bbox 250 2275 1719 2332; baseline -0.003 -16"><span class='ocrx_word' id='word_1_292' title='bbox 250 2275 371 2329; x_wconf 85' lang='lat' dir='ltr'>loqui</span> <span class='ocrx_word' id='word_1_293' title='bbox 413 2275 586 2327; x_wconf 86' lang='lat' dir='ltr'>Jovem,</span> <span class='ocrx_word' id='word_1_294' title='bbox 630 2291 718 2316; x_wconf 89' lang='lat' dir='ltr'>non</span> <span class='ocrx_word' id='word_1_295' title='bbox 757 2291 1029 2329; x_wconf 86' lang='lat' dir='ltr'>praeconem,</span> <span class='ocrx_word' id='word_1_296' title='bbox 1070 2278 1293 2332; x_wconf 89' lang='lat' dir='ltr'>praeconis</span> <span class='ocrx_word' id='word_1_297' title='bbox 1323 2285 1462 2314; x_wconf 84' lang='lat' dir='ltr'>autem</span> <span class='ocrx_word' id='word_1_298' title='bbox 1500 2286 1719 2325; x_wconf 78' lang='lat' dir='ltr'>personam</span> 
     </span>
     <span class='ocr_line' id='line_1_37' title="bbox 253 2330 1720 2387; baseline -0.002 -17"><span class='ocrx_word' id='word_1_299' title='bbox 253 2345 399 2384; x_wconf 82' lang='lat' dir='ltr'>agere,</span> <span class='ocrx_word' id='word_1_300' title='bbox 430 2341 479 2370; x_wconf 90' lang='lat' dir='ltr'>ut</span> <span class='ocrx_word' id='word_1_301' title='bbox 500 2346 576 2385; x_wconf 91' lang='lat' dir='ltr'>par</span> <span class='ocrx_word' id='word_1_302' title='bbox 603 2343 711 2383; x_wconf 85' lang='lat' dir='ltr'>erat,</span> <span class='ocrx_word' id='word_1_303' title='bbox 752 2334 1017 2373; x_wconf 86' lang='lat' dir='ltr'>Mercurium</span> <span class='ocrx_word' id='word_1_304' title='bbox 1049 2349 1072 2372; x_wconf 86' lang='lat' dir='ltr'>a</span> <span class='ocrx_word' id='word_1_305' title='bbox 1105 2334 1321 2387; x_wconf 88' lang='lat' dir='ltr'>principio</span> <span class='ocrx_word' id='word_1_306' title='bbox 1355 2330 1405 2370; x_wconf 87' lang='lat' dir='ltr'>ad</span> <span class='ocrx_word' id='word_1_307' title='bbox 1433 2331 1558 2370; x_wconf 89' lang='lat' dir='ltr'>finem</span> <span class='ocrx_word' id='word_1_308' title='bbox 1586 2343 1720 2383; x_wconf 87' lang='lat' dir='ltr'>usque</span> 
     </span>
     <span class='ocr_line' id='line_1_38' title="bbox 254 2386 1721 2440; baseline 0.001 -17"><span class='ocrx_word' id='word_1_309' title='bbox 254 2386 469 2430; x_wconf 79' lang='lat' dir='ltr'>dramatis,</span> <span class='ocrx_word' id='word_1_310' title='bbox 531 2388 624 2428; x_wconf 89' lang='lat' dir='ltr'>Nec</span> <span class='ocrx_word' id='word_1_311' title='bbox 653 2388 766 2428; x_wconf 88' lang='lat' dir='ltr'>vidit</span> <span class='ocrx_word' id='word_1_312' title='bbox 796 2389 905 2429; x_wconf 90' lang='lat' dir='ltr'>idem</span> <span class='ocrx_word' id='word_1_313' title='bbox 928 2391 978 2430; x_wconf 87' lang='lat' dir='ltr'>V.</span> <span class='ocrx_word' id='word_1_314' title='bbox 1012 2392 1093 2440; x_wconf 88' lang='lat' dir='ltr'>D.,</span> <span class='ocrx_word' id='word_1_315' title='bbox 1127 2391 1164 2429; x_wconf 85' lang='lat' dir='ltr'>si</span> <span class='ocrx_word' id='word_1_316' title='bbox 1184 2388 1394 2429; x_wconf 66' lang='lat' dir='ltr'>RIercurii</span> <span class='ocrx_word' id='word_1_317' title='bbox 1429 2399 1563 2426; x_wconf 89' lang='lat' dir='ltr'>sermo</span> <span class='ocrx_word' id='word_1_318' title='bbox 1586 2400 1606 2424; x_wconf 90' lang='lat' dir='ltr'>a</span> <span class='ocrx_word' id='word_1_319' title='bbox 1629 2399 1721 2424; x_wconf 88' lang='lat' dir='ltr'>vet-</span> 
     </span>
     <span class='ocr_line' id='line_1_39' title="bbox 253 2439 1724 2502; baseline -0.005 -15"><span class='ocrx_word' id='word_1_320' title='bbox 253 2442 319 2481; x_wconf 72' lang='lat' dir='ltr'>bis</span> <span class='ocrx_word' id='word_1_321' title='bbox 337 2439 502 2502; x_wconf 81' lang='grc' dir='ltr'>Ἀγαθῇ</span> <span class='ocrx_word' id='word_1_322' title='bbox 519 2442 613 2498; x_wconf 79' lang='grc' dir='ltr'><em>τύχῃ</em></span> <span class='ocrx_word' id='word_1_323' title='bbox 634 2445 807 2484; x_wconf 86' lang='lat' dir='ltr'>initium</span> <span class='ocrx_word' id='word_1_324' title='bbox 829 2456 997 2498; x_wconf 86' lang='lat' dir='ltr'>caperet</span> <span class='ocrx_word' id='word_1_325' title='bbox 1014 2479 1025 2499; x_wconf 85' lang='lat'>,</span> <span class='ocrx_word' id='word_1_326' title='bbox 1067 2450 1226 2485; x_wconf 86' lang='lat' dir='ltr'>nullam</span> <span class='ocrx_word' id='word_1_327' title='bbox 1258 2457 1452 2498; x_wconf 83' lang='lat' dir='ltr'>prorsus,</span> <span class='ocrx_word' id='word_1_328' title='bbox 1483 2457 1537 2481; x_wconf 89' lang='lat' dir='ltr'>ne</span> <span class='ocrx_word' id='word_1_329' title='bbox 1567 2443 1724 2481; x_wconf 83' lang='lat' dir='ltr'>Gram-</span> 
     </span>
     <span class='ocr_line' id='line_1_40' title="bbox 254 2498 1723 2554; baseline -0.001 -17"><span class='ocrx_word' id='word_1_330' title='bbox 254 2500 452 2539; x_wconf 87' lang='lat' dir='ltr'>maticam</span> <span class='ocrx_word' id='word_1_331' title='bbox 477 2501 647 2554; x_wconf 84' lang='lat' dir='ltr'>quidem</span> <span class='ocrx_word' id='word_1_332' title='bbox 662 2534 672 2552; x_wconf 96' lang='lat'>,</span> <span class='ocrx_word' id='word_1_333' title='bbox 699 2503 767 2540; x_wconf 44' lang='lat' dir='ltr'>*sic</span> <span class='ocrx_word' id='word_1_334' title='bbox 787 2503 1035 2542; x_wconf 81' lang='lat' dir='ltr'>exstituram</span> <span class='ocrx_word' id='word_1_335' title='bbox 1055 2517 1144 2543; x_wconf 92' lang='lat' dir='ltr'>esse</span> <span class='ocrx_word' id='word_1_336' title='bbox 1165 2500 1470 2542; x_wconf 89' lang='lat' dir='ltr'>sententiarum</span> <span class='ocrx_word' id='word_1_337' title='bbox 1496 2498 1723 2538; x_wconf 89' lang='lat' dir='ltr'>cohaeren-</span> 
     </span>
    </p>
   </div>
   <div class='ocr_carea' id='block_1_6' title="bbox 255 2553 1726 2654">
    <p class='ocr_par' dir='ltr' id='par_1_6' title="bbox 255 2553 1726 2654">
     <span class='ocr_line' id='line_1_41' title="bbox 255 2553 1726 2652; baseline -0.004 -54"><span class='ocrx_word' id='word_1_338' title='bbox 255 2555 372 2652; x_wconf 64' lang='lat' dir='ltr'>tliam.</span> <span class='ocrx_word' id='word_1_339' title='bbox 433 2559 558 2599; x_wconf 86' lang='lat' dir='ltr'>Salva</span> <span class='ocrx_word' id='word_1_340' title='bbox 578 2559 720 2614; x_wconf 86' lang='lat' dir='ltr'>itaque</span> <span class='ocrx_word' id='word_1_341' title='bbox 741 2569 931 2612; x_wconf 87' lang='lat' dir='ltr'>maneat,</span> <span class='ocrx_word' id='word_1_342' title='bbox 965 2574 1074 2615; x_wconf 87' lang='lat' dir='ltr'>quae</span> <span class='ocrx_word' id='word_1_343' title='bbox 1104 2561 1328 2613; x_wconf 80' lang='lat' dir='ltr'>vulgatur,</span> <span class='ocrx_word' id='word_1_344' title='bbox 1358 2556 1446 2596; x_wconf 88' lang='lat' dir='ltr'>loci</span> <span class='ocrx_word' id='word_1_345' title='bbox 1480 2553 1726 2608; x_wconf 83' lang='lat' dir='ltr'>dispositio.</span> 
     </span>
     <span class='ocr_line' id='line_1_42' title="bbox 289 2628 415 2654; baseline 0.032 -4"><span class='ocrx_word' id='word_1_346' title='bbox 289 2628 415 2654; x_wconf 64' lang='lat' dir='ltr'>AE11M=</span> 
     </span>
    </p>
   </div>
   <div class='ocr_carea' id='block_1_7' title="bbox 260 2679 1726 2797">
    <p class='ocr_par' dir='ltr' id='par_1_7' title="bbox 260 2679 1726 2797">
     <span class='ocr_line' id='line_1_43' title="bbox 372 2679 1726 2739; baseline -0.007 -13"><span class='ocrx_word' id='word_1_347' title='bbox 372 2679 527 2725; x_wconf 72' lang='lat' dir='ltr'>Ead,1.</span> <span class='ocrx_word' id='word_1_348' title='bbox 548 2685 588 2725; x_wconf 88' lang='lat'>4.</span> <span class='ocrx_word' id='word_1_349' title='bbox 628 2684 967 2739; x_wconf 79' lang='grc' dir='ltr'><em>Καταβαλέσθαι)</em></span> <span class='ocrx_word' id='word_1_350' title='bbox 1004 2685 1102 2724; x_wconf 89' lang='lat' dir='ltr'>Hoc</span> <span class='ocrx_word' id='word_1_351' title='bbox 1131 2682 1304 2723; x_wconf 85' lang='lat' dir='ltr'>verbum</span> <span class='ocrx_word' id='word_1_352' title='bbox 1335 2680 1481 2721; x_wconf 89' lang='lat' dir='ltr'>Attice</span> <span class='ocrx_word' id='word_1_353' title='bbox 1511 2682 1726 2734; x_wconf 84' lang='lat' dir='ltr'>eleganter</span> 
     </span>
     <span class='ocr_line' id='line_1_44' title="bbox 260 2738 1725 2797; baseline 0.001 -21"><span class='ocrx_word' id='word_1_354' title='bbox 260 2749 337 2797; x_wconf 80' lang='lat' dir='ltr'>pro</span> <span class='ocrx_word' id='word_1_355' title='bbox 358 2740 548 2785; x_wconf 73' lang='grc' dir='ltr'><em>ἐκτίνειν,</em></span> <span class='ocrx_word' id='word_1_356' title='bbox 581 2739 746 2790; x_wconf 71' lang='lat' dir='ltr'>solvere,</span> <span class='ocrx_word' id='word_1_357' title='bbox 778 2751 1020 2795; x_wconf 84' lang='lat' dir='ltr'>usurpatur.</span> <span class='ocrx_word' id='word_1_358' title='bbox 1080 2739 1221 2782; x_wconf 74' lang='lat' dir='ltr'>Noster</span> <span class='ocrx_word' id='word_1_359' title='bbox 1241 2738 1285 2778; x_wconf 89' lang='lat' dir='ltr'>in</span> <span class='ocrx_word' id='word_1_360' title='bbox 1310 2738 1430 2780; x_wconf 80' lang='lat' dir='ltr'>Dial.</span> <span class='ocrx_word' id='word_1_361' title='bbox 1459 2738 1634 2779; x_wconf 82' lang='lat' dir='ltr'>Meretr.</span> <span class='ocrx_word' id='word_1_362' title='bbox 1657 2752 1725 2778; x_wconf 75' lang='grc' dir='ltr'>κα-</span> 
     </span>
    </p>
   </div>
  </div>
 </body>
</html>
