1781 3174
244 207 343 252 474
594 215 1347 248 ADNOTA'rlomsss

242 332 321 356 nus
343 314 578 369 Euphratis
599 316 766 364 accola,
800 311 921 352 fidem
944 312 988 351 in
1017 312 1141 352 rebus
1163 314 1360 367 Assyriae
1382 312 1551 353 videtur
1572 330 1696 355 mere-

241 375 302 424 ri,
335 382 376 413 et
396 373 547 410 mirum
576 371 690 410 foret
719 384 813 408 eum
837 369 1054 422 ignorasse
1078 372 1242 421 locum,
1276 371 1350 409 ubi
1383 371 1463 409 sita
1489 369 1591 409 olim
1611 372 1701 410 Ni-

239 444 318 468 nus
340 432 408 468 vel
431 428 616 476 Ninive,
651 427 687 464 si
712 424 888 479 aliquod
920 429 1009 478 ejus
1039 427 1266 482 vestigium
1298 427 1584 470 remansisset.
1644 428 1703 468 At

241 485 345 539 quid
375 485 580 523 faciemus
610 484 776 532 Tacito,
829 481 902 535 qui
930 482 1006 522 lib.
1038 487 1102 526 12.
1134 486 1288 523 Annal.
1341 483 1392 522 de
1423 482 1700 536 expeditione

238 540 505 580 Meherdatis
523 539 584 577 sic
606 539 689 578 ait:
722 538 788 578 sed
810 549 928 591 capta
950 540 990 576 in
1010 542 1176 579 transitu
1196 540 1287 579 rar-bs
1309 540 1459 588 Ninos,
1491 542 1702 579 vetus-tissi-

238 614 304 636 ma
326 597 432 635 sedes
452 597 654 651 Assyriae.
714 594 793 635 Sed
824 605 865 632 et
884 594 1096 651 Straboni,
1132 597 1204 650 qui
1234 606 1330 648 ante
1362 570 1542 635 Tacitum
1578 597 1703 635 vive-

239 654 323 699 bat,
358 653 431 707 qui
452 653 524 691 lib.
549 657 614 695 16.
641 651 724 692 ait:
759 648 782 703 ἡ
812 651 881 704 μὲν
911 652 985 692 οὐν
1014 656 1147 702 Νῖνος
1173 649 1285 700 πολις
1314 647 1528 705 ἠφανίσθη
1562 669 1700 705 παθα-

237 727 370 763 ’χρημα
390 725 486 761 μετα
506 726 579 761 την
599 725 679 749 των
705 706 853 762 Συοων
876 706 1113 759 καταλυσιν,
1156 710 1284 748 Ninus
1311 711 1444 747 statim
1471 719 1561 762 post
1589 725 1702 748 ever—-

238 784 321 805 snm
343 767 532 820 ASSJfflJiOI'
535 782 596 804 um
619 768 739 818 impe!
741 768 820 804 iuvn
838 767 1116 818 evanllii5V61
1143 781 1328 820 appar'ele
1351 768 1523 808 cessavit
1584 766 1699 819 Efgo

239 833 384 861 contra
407 822 637 861 Strabonem
663 823 915 860 Amasenum
937 830 978 872 et
996 823 1219 861 Lucianum
1237 822 1569 873 samosatenum,
1602 821 1699 860 Ori-

239 882 400 916 entales
421 879 536 916 viros
558 889 599 917 et
624 877 793 927 doctos,
828 891 913 914 non
940 878 1047 916 mihi
1070 878 1428 916 videtur‘Tacitus
1447 877 1699 917 audiendus.

236 936 457 987 Deceptus
483 944 594 973 certe
613 935 697 973 fuit
716 935 750 972 is
774 937 992 972 Romanus
1014 935 1191 986 quadam
1220 934 1408 972 nominis
1441 934 1700 972 similitudi-

237 1006 316 1040 ne,
348 1000 389 1029 et
412 1004 501 1029 eam
528 990 712 1041 Ninum⁷
747 989 997 1043 oppidulum
1026 992 1137 1029 forte
1170 994 1234 1029 vel
1257 992 1494 1039 castellum,
1529 1001 1698 1043 captum

238 1049 330 1085 sine
353 1047 580 1084 obsidione
603 1049 648 1085 in
671 1048 853 1085 transitu
871 1077 882 1095 ‚
916 1051 1021 1086 male
1043 1047 1208 1097 accepit
1231 1060 1306 1099 pro
1336 1046 1633 1098 antiquissima
1656 1056 1700 1086 et

236 1103 569 1156 populosissima
589 1105 659 1142 illa
685 1103 808 1151 urbe,
842 1117 948 1156 quae
980 1104 1065 1141 fuit
1096 1117 1173 1141 suo
1210 1112 1399 1155 tempore
1425 1102 1560 1141 totius
1583 1103 1698 1141 orbis

235 1161 436 1208 maxima,
468 1170 510 1200 et
541 1174 675 1214 usque
703 1159 753 1198 ad
791 1160 1035 1198 miraculum
1059 1159 1288 1205 celebrata3
1323 1158 1447 1197 aliter
1475 1173 1562 1197 non
1596 1173 1700 1210 pos-

235 1230 371 1255 semus
391 1216 607 1256 absolvere
629 1217 859 1256 Strabonem
882 1230 957 1254 nec
978 1217 1203 1255 Luciannm
1223 1213 1445 1253 mendacii.
1495 1215 1551 1253 At
1574 1214 1702 1254 fidem

235 1282 462 1311 merentur.
532 1273 614 1313 Sed
636 1274 812 1317 milites,
855 1273 927 1324 qui
961 1274 1004 1310 in
1027 1271 1304 1323 expeditione
1326 1285 1420 1309 cum
1446 1270 1699 1310 Meherdate

234 1330 434 1376 fuerunt,
469 1339 615 1382 capta,
651 1340 698 1367 ut
721 1328 839 1373 dixi,
872 1329 1014 1380 aliqua
1044 1328 1267 1376 urbecula‚
1301 1330 1418 1380 cujus
1446 1342 1599 1366 nomen
1622 1342 1701 1366 ac-

236 1384 409 1424 cedebat
434 1385 485 1423 ad
512 1400 662 1424 sonum
686 1385 870 1422 nominis
900 1385 1102 1437 antiquae
1127 1384 1244 1422 illius
1276 1384 1480 1433 Ninives‚
1514 1394 1700 1436 putave-

235 1451 359 1488 runt,
392 1445 458 1480 vel
487 1440 760 1495 gloriabundi
790 1440 1035 1490 finxerunt
1069 1454 1110 1478 se
1136 1441 1353 1492 antiquam
1387 1440 1534 1478 Ninon
1558 1440 1696 1479 sedern

233 1497 433 1548 Assyriae
463 1512 606 1552 regum
640 1498 824 1550 cepisse:
855 1506 896 1534 et
928 1496 985 1534 ita
1020 1496 1287 1548 publicantes
1319 1496 1454 1535 famae
1489 1511 1564 1547 pro
1597 1510 1696 1535 vero

234 1553 501 1593 tradiderunt
524 1558 605 1592 tale
626 1552 906 1592 mendacium.
966 1553 1035 1590 Sic
1048 1551 1279 1591 Alexandri
1308 1551 1463 1589 milites
1484 1552 1701 1604 jactabant

235 1625 278 1649 se
308 1611 483 1648 Tanaim
503 1625 637 1663 usque
657 1610 924 1663 pervenisse,
967 1623 1061 1646 cum
1085 1608 1133 1646 ab
1158 1623 1207 1647 eo
1233 1606 1363 1645 fluvio
1392 1608 1582 1646 abessent
1602 1610 1697 1661 plus

234 1681 357 1720 quam
380 1667 494 1705 mille
516 1667 724 1706 milliaria.
789 1665 862 1705 Sic
885 1676 926 1703 et
947 1665 1029 1702 hoc
1052 1675 1241 1716 tempore
1255 1668 1417 1702 multos
1441 1665 1699 1718 Hierosoly-

234 1724 419 1761 initanos
438 1723 604 1775 equites
617 1732 659 1760 et
680 1724 786 1761 alios
810 1731 957 1759 nautas
971 1731 1012 1759 et
1032 1721 1333 1774 negotiatores,
1351 1720 1424 1772 qui
1447 1720 1489 1757 in
1503 1721 1697 1772 partibus

233 1780 506 1830 Hellesponti
530 1783 598 1817 vel
620 1779 773 1817 bellum
803 1787 1045 1831 gesserunt,
1082 1780 1146 1816 vel
1166 1777 1374 1829 negotiati
1393 1786 1513 1825 sunt,
1549 1777 1697 1815 audivi

233 1849 358 1885 saepe
390 1845 699 1885 asseverantes,
741 1848 784 1872 se
812 1833 969 1871 vidisse
998 1833 1200 1886 antiquae
1229 1835 1382 1883 Troiae
1417 1833 1584 1880 ruinas,
1617 1848 1695 1872 nec

233 1892 356 1930 aliter
382 1905 569 1944 unquam
607 1892 666 1930 eis
702 1889 952 1943 persuadere
987 1890 1126 1942 potui.
1187 1889 1244 1926 At
1275 1887 1455 1927 Troadis
1490 1888 1575 1938 (de
1614 1903 1697 1942 qua

231 1945 384 1988 Paulus
407 1949 638 1999 Apostolus
671 1947 808 2000 Epist.
839 1947 891 1984 ad
911 1945 1182 1984 Timotheum
1205 1951 1245 1987 2.
1258 1948 1274 1993 )
1314 1945 1457 1983 iuinas
1487 1944 1694 1996 viderant,

232 2019 322 2042 non
345 2007 518 2056 Trojae‚
553 2007 672 2056 cujus
700 2007 781 2056 jam
804 2012 993 2052 tempore
1016 2001 1224 2040 Strabonis
1248 2004 1363 2039 nulla
1386 2001 1697 2040 exstabantve-

231 2060 384 2114 stigia‚
415 2070 463 2098 ut
483 2061 543 2098 ait
563 2061 635 2099 ille
652 2060 725 2099 lib.
751 2065 815 2102 13
851 2057 971 2100 οὐδὲν
994 2059 1064 2100 δὲ
1056 2060 1163 2111 ἰ’χνος
1183 2055 1341 2106 σώζεται
1358 2074 1426 2108 της
1448 2055 1694 2126 ἆρχαίαςπό·

229 2122 349 2165 λεως,
384 2114 566 2167 εἰκότως,
599 2116 664 2158 ἅτε
690 2133 765 2171 γαρ
788 2115 1155 2169 ἐκπεπορθημένων
1181 2118 1257 2155 τῶν
1281 2113 1411 2182 κύκλῳ
1432 2111 1610 2163 πόλεων,
1643 2110 1692 2156 οὗ

229 2174 368 2221 τελέως
392 2174 433 2214 δὲ
452 2174 805 2226 κατεσπασμένων,
835 2171 980 2224 ταύτης
1005 2173 1047 2214 δὲ
1075 2173 1116 2213 ἐκ
1135 2170 1305 2224 βάθρων
1329 2167 1694 2240 ἀνατετραμμένης,

232 2231 274 2270 οἵ
287 2232 398 2271 λίθοι
417 2228 565 2279 πάντες
585 2232 640 2278 εἰς
651 2228 724 2282 τὴν
744 2230 904 2271 ἐκείνων
925 2226 1130 2281 ἀνάληψιν
1150 2227 1458 2280 μετηνέχθησαν.
1514 2225 1696 2280 Ἀρχαιά-

229 2303 352 2327 νακτα
385 2285 422 2342 y'
444 2288 517 2328 οὐν
539 2300 639 2339 φασι
656 2286 726 2328 τὸν
760 2290 1039 2338 Μιτυληναῖον
1062 2286 1104 2326 ἐκ
1123 2288 1202 2324 τῶν
1220 2285 1373 2324 ἐκεῖθεν
1391 2284 1520 2323 λίθων
1540 2281 1584 2324 τὸ
1613 2287 1693 2324 Σι-

228 2342 667 2396 γεῐι1νέκτειχίσαι,ίᾶ
694 2352 781 2389 est,
822 2341 974 2382 nullum
1003 2343 1103 2380 enim
1132 2342 1245 2393 vestig
1239 2341 1333 2377 ium
1360 2349 1478 2377 restat
1506 2341 1693 2393 antiquae

231 2399 361 2448 urbis,
395 2411 428 2438 et
460 2417 547 2439 cum
578 2403 753 2439 ratione:
790 2416 880 2437 nam
910 2400 1076 2437 vastatis
1100 2399 1238 2435 vicinis
1273 2395 1452 2444 urbibus,
1495 2410 1573 2433 non
1602 2411 1691 2435 vero

216 2454 409 2509 szmditns
430 2460 588 2507 eversis,
621 2473 665 2495 ea
683 2472 770 2494 vero
793 2454 1107 2511 afzmrlamentis
1137 2451 1285 2499 deleta,
1319 2465 1447 2489 omnes
1469 2450 1619 2504 Iapides
1636 2451 1691 2490 αιΖ

231 2509 401 2548 aliarum
419 2514 737 2551 instaurationem
758 2513 1015 2564 transportati
1036 2521 1135 2548 sunt.
1195 2507 1333 2561 Itaque
1349 2508 1690 2547 Arclzaeanacstem

231 2569 341 2615 ajunt
365 2568 658 2615 ῙΙΙίΙ)ίι’11ε113ε1η
681 2569 835 2622 Sigeum
857 2583 966 2606 muro
997 2563 1294 2606 circumdedisse
1314 2579 1367 2602 cx
1399 2563 1599 2617 lapidibus
1621 2567 1690 2602 in-

232 2622 359 2660 didem
379 2628 558 2677 acceptis.
621 2625 731 2663 Urbs
756 2625 909 2676 igitur,
944 2626 1063 2675 cujus
1093 2623 1255 2659 nullum
1279 2620 1505 2674 vestigium
1542 2631 1692 2659 exsta-

231 2678 303 2715 bat
325 2688 514 2731 tempore
543 2681 748 2720 Strabonis
782 2692 823 2720 et
846 2678 1053 2733 Augusti,
1083 2677 1160 2716 sub
1201 2690 1285 2729 quo
1318 2676 1462 2715 Strabo
1491 2675 1689 2726 florebat,

232 2748 319 2773 non
341 2746 507 2788 poterat
529 2748 691 2776 exstare
711 2747 898 2789 tempore
918 2732 1181 2774 Meherdatis
1205 2732 1281 2771 sub
1305 2731 1503 2772 Claudio.
1564 2733 1689 2770 Plura
