1781 3174
470 216 544 247 IN
614 214 1097 253 1²1scATonEm.
1412 204 1510 253 571

53 332 137 360 seo.
170 317 335 358 Sonm.
394 312 545 354 Versio
570 313 745 364 Latina,
769 323 811 354 et
833 313 949 365 hinc,
983 313 1153 369 opinor,
1184 314 1312 355 etiam
1331 315 1514 357 Wielan-

54 374 198 424 dici-na,
232 370 440 425 expressit
460 367 588 423 ὑμᾶς,
621 371 772 410 merito
796 371 1050 424 reprehensa
1072 386 1093 409 a
1114 371 1319 426 Scyboldo.
1355 371 1511 415 Oinafl’

50 429 159 483 ἡμεῖς
182 429 386 469 videlicet
405 437 525 477 sunt,
559 430 626 482 qui
646 438 780 466 nostra
800 426 870 482 (h.
892 431 921 467 l.
943 430 1056 478 mea)
1073 440 1199 467 aetate
1217 431 1364 468 vivunt.
1398 430 1514 484 Quia

52 497 191 527 autem
216 499 364 525 aevum
396 482 502 521 illud
531 483 715 522 Luciani
746 498 845 537 prae
865 485 1016 523 ceteris
1045 486 1288 537 spuriorum
1312 485 1517 538 philoso-

51 543 257 597 phorum,
293 540 365 595 qui
387 539 542 580 deinde
566 549 794 591 notantur,
828 541 951 592 copia
974 540 1239 591 abundabat,
1272 556 1409 591 nunc,
1441 542 1517 581 ubi

55 599 246 640 veritatis
270 595 403 652 gratia
430 609 451 634 e
470 610 644 634 numero
672 596 756 634 isto
780 610 938 650 paucos
965 596 1165 652 quosdam
1187 597 1389 650 excipere
1408 602 1516 650 vult,

53 656 184 704 dicit,
209 657 250 695 οἷ
268 648 370 694 καθ’
395 649 504 705 ’ἡμᾶς
526 650 694 700 αὐτοὺς,
724 655 812 706 ipsa
830 665 955 692 aetate
975 664 1108 693 nostra
1130 653 1204 706 qui
1230 654 1398 694 vivunt.
1427 656 1517 694 Ne·

51 726 134 765 que
153 710 259 749 adeo
278 710 338 747 ita
357 707 507 760 αὖτούς
527 709 662 750 visua
681 720 816 761 caret,
849 720 898 749 ut
919 724 1013 749 cum
1039 709 1188 749 Solane
1209 710 1517 750 eliminandum

51 781 256 808 censeam.
286 767 444 807 mei.

164 822 267 864 Ibicl.
305 819 447 876 Ὀρῶν
475 822 517 864 δὲ
544 820 750 874 πολλοὺς)
795 822 839 861 Si
870 821 939 861 cui
972 825 1063 876 ejus
1095 823 1246 863 aetatis
1287 823 1520 864 historicos

51 883 248 921 evolvere
270 894 357 917 non
384 889 505 918 vacat
534 889 607 917 aut
636 879 778 930 lubet3
808 889 979 932 reputet
1008 879 1159 928 modo,
1195 880 1300 934 quid
1328 880 1406 919 sub
1436 882 1522 919 im-

50 945 244 992 peratore
268 934 535 990 philosopho
556 937 748 974 futurum
772 935 870 977 fuit.
927 936 995 974 Ne
1025 945 1164 976 tamen
1197 951 1260 976 res
1283 937 1393 975 tanti
1421 952 1519 976 mo·-

49 993 183 1033 menti
205 992 466 1031 auctoritate
497 1005 668 1045 prorsus
700 1002 862 1040 careat,
897 991 995 1030 audi
1023 991 1239 1046 Capitolini
1259 993 1302 1031 in
1330 994 1396 1032 Μ.
1428 994 1523 1031 Au-

49 1050 156 1090 relio
191 1049 340 1098 verba,
373 1054 439 1093 23.
459 1049 487 1090 f,
548 1049 674 1087 Fama
691 1048 782 1103 fuit
811 1064 924 1098 sane,
970 1049 1078 1102 quod
1107 1049 1177 1088 sul]
1202 1049 1524 1103 philosophorum

49 1108 174 1161 specie
194 1105 356 1159 quidam
374 1122 492 1159 remp.
512 1116 701 1143 vexarent
719 1115 753 1142 et
769 1107 972 1158 privatos;
1003 1105 1108 1159 quocl
1128 1105 1197 1145 ille
1212 1109 1411 1159 purgavit.
1456 1106 1525 1144 Ad.

54 1178 180 1217 quem
212 1165 354 1201 locum
382 1165 503 1214 pluffa
536 1161 579 1198 in
613 1160 723 1198 hanc
755 1175 839 1199 rem
876 1160 1131 1201 Casaubonus
1151 1172 1192 1201 et
1225 1162 1449 1202 Salmasius
1486 1164 1529 1205 οἱ

55 1217 189 1269 πάνυ,
223 1232 330 1270 quae
352 1221 489 1272 legere
511 1231 663 1270 operae
682 1217 863 1269 pretium
889 1218 981 1256 erit.
1016 1219 1184 1260 SOLAN,

167 1285 270 1325 Emi.
286 1289 314 1326 l.
337 1290 403 1328 10.
428 1280 738 1336 Ἐφιεμένου
755 1300 797 1332 ς,
828 1285 934 1337 καὶ]
968 1285 1150 1340 Egregie
1169 1288 1312 1339 explet
1329 1288 1527 1324 lacunam

56 1342 204 1384 Codex
225 1346 349 1385 2954.
381 1354 480 1380 vere
501 1339 551 1378 ab
574 1339 653 1378 hac
675 1349 796 1392 parte
817 1339 867 1380 de
887 1341 1071 1381 Luciano
1092 1342 1282 1380 meritus.
1343 1343 1415 1381 Sic
1448 1343 1527 1382 de·-

53 1414 165 1438 mum
187 1402 327 1451 plena,
361 1397 422 1435 sic
444 1396 656 1434 concinna
677 1410 723 1433 ac
743 1395 927 1435 rotunda
949 1397 1114 1436 reddita
1138 1398 1301 1448 oratio,
1333 1398 1528 1438 ubihaec

53 1455 182 1494 verba
204 1455 248 1492 in
269 1451 481 1508 prioribus
504 1450 612 1493 Edd,
646 1451 842 1490 omnibus
878 1452 1114 1492 desiderata
1148 1455 1312 1504 textui,
1345 1455 1414 1492 cui
1449 1454 1530 1494 de·-

54 1513 232 1560 bentur,
265 1510 477 1549 restituas,
539 1508 691 1547 Versio
718 1509 872 1546 Latina
894 1512 975 1561 jam
1000 1524 1074 1548 sua
1103 1511 1172 1548 via
1198 1511 1407 1549 orationis
1432 1514 1529 1549 vul-

56 1579 178 1623 gatae
211 1567 324 1605 vitio
361 1575 640 1604 succurreret.
697 1560 920 1618 Ἐφίεσθαί
949 1583 1058 1614 τινος
1086 1567 1191 1619 quid
1224 1568 1305 1614 sit,
1350 1582 1401 1606 ex
1433 1568 1527 1619 ipso

55 1625 264 1677 scriptore
296 1622 448 1661 discas.
493 1620 590 1662 Vid.
625 1621 759 1660 Dian.
782 1623 925 1673 'Deon
954 1623 1066 1673 XII,
1091 1628 1131 1666 2.
1158 1623 1323 1662 Anach.
1348 1637 1439 1678 cap.
1459 1629 1528 1667 22.

55 1683 212 1722 LGm.

169 1736 272 1777 Εαιῖ.
295 1738 323 1774 l.
349 1740 413 1779 14.
447 1731 605 1786 ’Τμῖν)
659 1733 749 1772 Aut
783 1749 877 1773 cum
910 1735 958 1775 P.
995 1743 1036 1773 et
1066 1736 1119 1774 L.
1151 1734 1378 1790 legendum
1407 1731 1530 1788 ὑμῖν,

59 1804 154 1844 aut,
185 1794 220 1831 si
241 1793 541 1844 impressorum
564 1787 660 1842 ἡμῖν
680 1804 845 1840 serves,
879 1801 1053 1829 ornatus
1084 1801 1246 1830 tantum
1282 1806 1427 1830 caussa
1455 1791 1534 1830 ad-

62 1851 214 1898 ditum,
243 1849 307 1887 uti
332 1849 502 1901 passim,
538 1846 821 1894 censendum3
856 1847 927 1885 sed
948 1848 1065 1900 prius
1087 1862 1165 1902 ego
1184 1848 1333 1901 probo.
1367 1848 1534 1889 SOLAN.

63 1905 193 1960 Quod
213 1906 257 1943 in
280 1904 472 1943 Parisina
494 1899 588 1954 ἡμῖν
606 1903 779 1957 legitur,
812 1903 965 1942 vitium
987 1913 1050 1942 est
1069 1904 1406 1957 typotheticum3
1439 1919 1536 1943 nam

62 1962 270 2002 editorem
292 1958 385 2013 ὑμῖν
407 1959 503 1997 dare
525 1959 739 2007 voluisse,
771 1968 890 2012 patet
910 1974 963 2000 ex
981 1960 1143 1999 Latina
1175 1961 1395 2012 versione,
1429 1974 1538 2015 quae

62 2019 175 2058 vobis
196 2015 474 2070 exprimebat.
505 2016 669 2055 RmTz.

180 2097 279 2151 Peg.
302 2101 394 2140 163.
419 2098 446 2133 l.
467 2100 507 2138 2.,
542 2095 790 2144 Γυναικίας)
825 2096 923 2135 Sola
945 2094 1008 2134 ed.
1033 2094 1140 2134 Junt.
1162 2095 1290 2136 habet
1309 2095 1382 2135 hic
1403 2114 1541 2150 γυναι-

65 2159 188 2204 κεῖος.
250 2153 330 2193 Sed
353 2155 525 2206 vulgata
548 2151 712 2193 melior.
745 2150 845 2191 vid.
873 2152 981 2190 Luc.
1005 2166 1039 2192 5.
1064 2153 1181 2193 Asin.
1205 2168 1238 2193 c.
1267 2157 1336 2196 41.
1370 2152 1540 2195 SOLAN.

180 2232 286 2272 Eacl.
310 2235 338 2272 l.
363 2238 402 2276 3.
430 2229 660 2283 ‘Hpauicfm
692 2231 844 2269 Glossa
867 2229 933 2269 ed.
958 2230 1089 2273 Paris.
1122 2233 1350 2271 Herculem
1383 2236 1546 2271 saltan-

70 2300 153 2328 tem
168 2323 181 2340 ,
213 2299 254 2329 et
275 2287 501 2329 Cerberum
521 2287 570 2326 ab
595 2287 747 2326 inferis
769 2285 1062 2327 extrahentem
1083 2289 1277 2328 meminit
1307 2288 1544 2344 IfcsyclziuS.

71 2346 234 2385 Puni-z.

188 2401 287 2443 Eud.
307 2404 334 2443 l.
356 2405 396 2444 9.
430 2406 532 2442 Κατ
547 2417 598 2440 ατ
611 2403 768 2451 εθηλυ
784 2399 1006 2452 σμένος]
1040 2401 1221 2439 Variant
1255 2400 1427 2456 quidem
1463 2412 1548 2441 tres

78 2457 214 2499 Codd.
240 2458 284 2495 in
305 2457 560 2511 proferenda
591 2456 670 2494 hac
691 2469 821 2504 voce,
857 2470 980 2509 quam
1003 2472 1113 2495 unus
1147 2458 1294 2496 scribit
1321 2466 1551 2510 κατατεθη-

78 2515 302 2568 λυμμένος,
335 2513 443 2552 alius
468 2513 842 2565 κατεθηλυμμένος,
875 2521 915 2550 et
939 2527 1082 2551 rursus
1117 2515 1226 2552 alius
1259 2513 1550 2567 καταθηλυνό-

81 2588 212 2625 μενος.
246 2570 426 2609 Recedit
453 2572 578 2609 etiam
601 2584 645 2608 ea
662 2601 671 2618 ‚
706 2583 828 2622 quam
854 2568 987 2606 Dian.
1011 2571 1143 2608 Deos.
1172 2571 1228 2619 V,
1251 2577 1290 2615 3.
1323 2585 1344 2610 e
1369 2583 1551 2625 quatuor

82 2629 189 2668 ῘΜεε.
214 2626 470 2679 recepimus,
503 2628 637 2666 forma
667 2626 993 2676 ἐκτεθηλυμένος.
1053 2626 1208 2666 Nihilo
1248 2629 1378 2681 magis
1407 2632 1554 2683 vulga-

87 2696 170 2723 tam
189 2684 389 2732 formam,
421 2683 501 2722 etsi
522 2684 662 2721 minus
687 2683 797 2720 forte
818 2681 1051 2733 legitimam
1068 2716 1078 2731 ,
1116 2695 1275 2722 mutare
1294 2699 1419 2722 ausus
1444 2699 1553 2731 sum,

89 2740 336 2795 praesertim
381 2752 474 2778 cum
512 2737 725 2793 praesidio
756 2738 795 2778 ei
830 2752 918 2778 esse
949 2738 1174 2779 videantur
1207 2741 1364 2781 similes
1394 2742 1557 2786 formae
