1781 3174
430 202 486 234 m
522 201 588 233 DE
625 201 859 235 MERCEDE
897 201 1179 234 cownuc'ms.
1447 198 1541 243 637

76 303 208 345 Nunc
229 303 498 358 acquiescere
527 300 679 340 licebit
716 301 762 340 in
792 302 999 353 lectione,
1035 316 1142 356 quae
1166 316 1294 357 quum
1317 318 1392 357 per
1411 320 1453 346 se
1480 308 1545 345 ni-

78 361 144 400 hil
163 361 339 410 habeat,
372 373 457 413 quo
480 357 694 409 offendat,
727 368 817 397 tum
839 359 965 398 etiam
988 361 1164 399 omnino
1196 360 1384 399 omnium
1412 362 1545 403 libro-

75 431 171 456 tum
190 416 402 470 suffragiis
424 413 710 455 confirmatur.
741 416 780 454 Ι
783 430 896 454 1:11M

190 496 288 550 Pag.
311 499 406 540 235.
426 497 452 536 l.
477 497 516 539 5.
552 493 854 549 Προεξετασας)
886 496 952 535 Μ.
978 505 1019 535 et
1042 496 1091 538 V.
1133 496 1220 534 In'
1208 498 1422 550 impressis
1442 514 1543 539 vero

76 556 201 606 παρεξ
233 585 242 593 .
276 583 285 593 .
321 566 504 622 .prave.
537 551 702 592 SOLAN.
767 552 852 590 Cur
870 566 1019 604 prave,
1053 566 1137 591 non
1160 553 1379 608 intelligo,
1414 569 1543 608 quum

76 624 156 648 nec
168 606 374 663 παρεξετεῗ
363 618 437 657 ζειν
460 607 510 646 ab
533 607 575 646 h.
587 610 614 645 l.
637 622 809 660 prorsus
833 609 1015 647 alienum
1035 623 1125 648 esse
1146 609 1353 649 videatur.
1387 611 1545 665 Quam-

79 679 229 718 quam,
263 666 298 704 si
329 664 524 704 codicum
557 665 853 703 auctoritatem
885 665 1183 715 respiciamus
1216 667 1543 718 praeferendum

77 735 230 761 censeo
254 723 376 770 προεξ
407 721 589 761 ..In
620 720 657 759 Π
660 720 745 776 olf.
776 730 913 759 tamen
945 720 1024 760 Ed.
1039 751 1048 767 ,
1082 722 1227 761 nescio
1251 737 1333 776 qua
1352 724 1544 773 ratione,

75 787 264 817 veteium
288 777 396 817 Edd.
418 751 548 815 16.εῖίο
570 787 732 814 servata
755 787 830 817 est.
872 778 1029 815 Lssnm.

187 830 759 887 Εαᾱ.1.7.Εθελοδουλείας)
781 835 850 873 De
873 848 953 886 qua
968 833 1135 873 Heralil.
1156 835 1206 874 ad
1220 837 1346 877 Mart.
1366 837 1543 877 Eoum).

187 890 291 930 Ead.
314 894 342 929 1.
367 896 406 934 8.
433 886 598 931 Ἱκανὸν
612 891 761 959 Μτοῦτο)
792 891 920 941 Angl.
941 890 1093 931 καινόν.
1124 892 1302 933 Bovm)

186 947 291 986 Ead.
314 950 342 986 l.
369 951 434 990 14.
467 944 650 1001 Πᾶςγᾶρ
671 943 790 999 civim)
825 947 1064 999 Theognidis
1084 962 1227 987 versus
1249 959 1361 988 sunt.
1395 951 1542 992 Bnon.

187 1002 293 1042 Ibid.
326 1004 610 1056 Δεδμημένος)
641 1003 710 1041 Ab
730 1005 866 1056 inopia
887 1015 1100 1056 superatus,
1126 1006 1274 1043 Bnon.

188 1058 295 1098 Ibid.
334 1060 435 1101 Οὔτε
458 1064 524 1109 τι)
554 1059 742 1098 Mutilus
770 1059 841 1097 hic
864 1062 983 1098 locus
1005 1061 1048 1098 in
1074 1062 1138 1100 M.
1162 1070 1203 1100 et
1223 1062 1405 1115 vulgatis
1431 1062 1541 1102 Edd.

72 1115 313 1171 legebatur,
347 1127 387 1156 et
410 1117 455 1154 in
481 1130 529 1155 ea
554 1116 668 1168 ipsa,
705 1130 788 1168 qua
814 1115 1070 1156 scholiastes
1103 1131 1204 1154 usus
1227 1128 1301 1156 est.
1362 1119 1540 1167 Ιιιηνίηα,

75 1172 224 1225 quod
214 1188 258 1210 1n
282 1173 448 1211 scholio
480 1182 566 1221 est,
599 1172 644 1210 in
683 1181 803 1211 textu
837 1172 1059 1211 Lucianeo
1088 1173 1284 1220 ex}›ibet;
1319 1175 1402 1211 nisi
1425 1175 1544 1227 quod

73 1229 137 1267 ibi
160 1225 246 1271 οὔτ’
266 1231 320 1270 ἔτι
339 1228 558 1283 legebatur
574 1242 651 1281 pro
675 1242 749 1277 eo,
785 1227 936 1281 quod
925 1242 967 1266 m
991 1228 1083 1278 ipso
1112 1205 1336 1281 Theognisle
1354 1240 1393 1269 et
1411 1231 1544 1269 Scho-

71 1285 196 1324 liaste
217 1286 373 1341 legitur
394 1284 481 1325 οὔτε
500 1302 547 1325 τι
582 1261 752 1323 Citatui
783 1285 910 1322 etiam
936 1299 956 1321 a
974 1284 1078 1323 Plut
1101 1290 1176 1335 37,
1198 1292 1235 1328 2.
1269 1284 1353 1325 Sed
1385 1297 1432 1324 ut
1458 1287 1543 1325 Lu.

73 1344 182 1380 ciani
203 1341 253 1381 de
279 1341 502 1394 Theognide
518 1340 724 1393 judicium
747 1340 983 1392 expendas,
1015 1350 1156 1391 totus,
1192 1342 1266 1395 qui
1291 1341 1341 1382 de
1359 1357 1544 1396 pauper-

73 1405 161 1436 tate
180 1398 292 1453 agit,
325 1401 444 1435 locus
468 1395 767 1434 adscribendus
788 1405 864 1437 est.

279 1450 423 1504 ’Ἀνδυ’
446 1449 604 1519 ἀγαθὸν
624 1455 738 1504 πενίη
757 1470 919 1494 παντων
938 1450 1110 1507 δάμνησι
1129 1451 1318 1508 μαλιστα,

352 1511 433 1551 Καὶ
452 1527 583 1564 γηρως
602 1513 770 1559 πολιοῦ,
794 1507 950 1563 Κύρνε,
982 1528 1048 1551 και
1068 1508 1259 1563 ἥπιάλου.

280 1565 369 1608 uHv
390 1566 438 1618 δη
459 1565 532 1619 χρὴ
559 1565 760 1620 φεύγοντα
781 1567 847 1606 καὶ
872 1568 910 1614 ἐς
932 1584 1039 1621 its-'a
1032 1566 1151 1620 εήτεα
1169 1567 1320 1611 πόντον

344 1620 480 1663 Ριπτε
486 1630 547 1672 ῐν,
581 1624 711 1663 καὶπε
696 1626 842 1675 ετρῶν,
878 1621 1031 1676 Κύρνε,
1061 1622 1149 1665 κατ’
1181 1621 1394 1678 ηλιβάτων.

292 1681 374 1721 Καὶ
394 1678 468 1731 γὰρ
491 1677 594 1730 ανὴρ
615 1682 730 1730 πενίῃ
753 1682 791 1719 ὄε
796 1680 920 1731 ὁμηιιέ
926 1696 992 1727 ιος
1012 1697 1098 1721 ουτε
1120 1699 1156 1721 τι
1178 1684 1303 1724 εἰπεῖν

354 1733 452 1776 Ov't'
472 1737 578 1788 ἔρξαι
596 1734 781 1784 δύναται,
811 1740 970 1789 γλωσσα
991 1737 1034 1777 δέ
1053 1739 1093 1778 οἵ
1108 1740 1148 1778 ὁε
1140 1739 1270 1779 ’.ὕεται

294 1793 385 1845 Χρὴ
406 1789 480 1845 γὰρ
501 1789 609 1844 ὁμῶς
628 1792 691 1832 ἐπὶ
710 1796 785 1846 γῆν
806 1808 845 1832 τε
866 1794 932 1833 καὶ
952 1789 1040 1844 εὗρε
1032 1794 1066 1833 ἀ
1087 1798 1194 1834 νῶτα
1211 1791 1421 1849 θαλάσσης

348 1851 539 1896 Δίζεσθαι
560 1853 729 1902 χαλεπης
742 1880 752 1898 ,
783 1846 936 1902 Κύρνε,
967 1848 1081 1890 λύσιν
1102 1853 1254 1903 πενίης.

297 1902 522 1954 Τεθναναι,
557 1907 648 1956 φίλε
670 1903 826 1958 Κύρνε,
858 1911 1034 1962 πενιχοῷ
1053 1910 1095 1959 βε
1085 1907 1235 1962 λτερον
1259 1904 1398 1963 ἀνδρὶ,

336 1958 534 2011 ἋΗζώειν
557 1966 705 2017 χαλεπῇ
722 1960 952 2015 τειρόμενον
971 1966 1100 2020 πενίῃ.

68 2021 233 2062 SOLAN.

182 2085 287 2126 Ibid.
303 2083 481 2138 ”Ερξαι)
514 2084 663 2139 Agere.
707 2086 890 2132 Δὲὄεται,
924 2086 1066 2125 vincta
1098 2097 1173 2126 est.
1207 2089 1354 2130 Bnon
1411 2088 1542 2130 Licet

67 2144 173 2183 haec
193 2142 368 2182 Broclaei
388 2143 611 2195 praemissa
633 2141 795 2182 scholia
829 2143 904 2182 vix
931 2142 1059 2196 digna
1088 2155 1248 2191 essent,
1284 2160 1391 2199 quae
1428 2146 1542 2185 inse-

67 2210 284 2251 rerentur3
327 2208 466 2236 tamen
499 2197 669 2248 addidi,
711 2210 759 2237 ut
785 2209 976 2251 pateret,
1010 2213 1172 2238 velsum
1199 2202 1318 2240 illum
1351 2201 1396 2239 in
1428 2201 1538 2241 Edd.

70 2256 270 2295 omissum
307 2255 356 2293 ab
389 2255 484 2307 ipso
516 2268 688 2308 quoque
715 2255 758 2293 in
795 2255 978 2294 Lucicmo
1004 2256 1138 2295 fuisse
1169 2260 1338 2296 lectum.
1373 2258 1538 2298 sz'rz.

67 2312 236 2365 Nempe
262 2311 489 2361 Broclaeus,
524 2311 702 2362 opinor,
736 2313 803 2350 vel
829 2311 989 2350 Aldina
1015 2317 1080 2362 2.,
1121 2316 1188 2351 vel
1219 2314 1406 2363 Juntina,
1441 2328 1540 2353 usus

68 2377 145 2407 est.
179 2368 374 2420 Amplius
398 2382 448 2406 ex
469 2366 646 2405 scholiis
668 2370 757 2420 ejus
773 2367 1007 2419 puerilibus
1031 2367 1140 2405 nihil
1161 2371 1361 2408 concludi
1384 2380 1538 2422 potest.

71 2423 268 2473 Ceterum
293 2423 520 2461 manifesto
546 2422 675 2469 haec,
709 2423 759 2462 de
788 2423 942 2476 quibus
967 2424 1130 2477 agitur,
1164 2425 1291 2463 verba
1317 2440 1338 2464 e
1364 2425 1541 2465 Scholio

70 2479 115 2516 in
139 2488 302 2518 textum
324 2488 424 2517 sunt
444 2489 575 2516 tracta
591 2510 600 2527 ‚
636 2479 685 2516 ab
707 2493 778 2529 eo,
815 2479 886 2530 qni
911 2481 1068 2530 pariter
1089 2494 1135 2518 ac
1154 2481 1324 2520 Solemus
1346 2482 1543 2520 mutilum

69 2533 245 2574 haberet
266 2538 432 2580 locum,
466 2534 550 2572 nisi
575 2550 668 2573 eum
704 2550 756 2573 ex
780 2535 1005 2587 Theognide
1026 2538 1340 2589 complevisset.
1402 2537 1545 2591 Quip-

70 2605 124 2643 pe
146 2589 398 2646 ignorabant
419 2590 489 2629 isti
513 2605 668 2629 morem
691 2592 883 2640 Luciani,
919 2603 1017 2628 nota
1047 2603 1235 2631 veteium
1267 2597 1360 2632 loca
1394 2594 1541 2647 paucis

71 2656 238 2686 tantum
261 2645 422 2695 verbis,
455 2647 530 2685 ubi
551 2661 615 2686 ies
638 2648 795 2698 fe1·‚ret
829 2646 1118 2701 significandi.
1151 2650 1310 2691 mez

182 2725 279 2779 Pag
300 2729 395 2770 236.
418 2727 444 2765 l.
467 2731 508 2769 2.
537 2723 874 2780 Ἐξενηνόχασιν)
901 2722 1098 2780 Ἑκφέρω.
1131 2727 1276 2769 Bnon.
