1781 3174
233 166 332 215 470
583 173 1340 207 ADNOTA'rioan

236 275 369 320 nibus,
401 273 508 328 quotz
525 289 610 312 cam
628 272 779 311 silentes
801 282 981 321 cernant
1015 271 1058 310 iel
1076 282 1149 320 est,
1182 271 1341 311 umbrae
1354 270 1603 325 possideant,
1636 281 1695 312 te-

237 341 301 371 ste
324 332 484 370 Donato
515 329 565 368 ad
588 331 738 367 Ten-..ent
761 327 872 365 And.
894 328 945 366 A.
967 327 1044 367 IV.
1065 329 1131 368 Se.
1154 328 1212 366 ΪῙ.
1237 327 1313 366 ubi
1344 344 1494 368 cernere
1521 342 1697 366 sumen—

239 387 337 426 dum
371 395 458 435 est,
494 385 608 440 quod
643 383 832 423 eruditos
865 383 1058 423 homines
1090 384 1332 437 plaeteriit,
1366 398 1414 423 ea
1447 383 1699 437 possidendi

238 444 398 484 virtute
414 474 423 492 ‚
460 456 566 494 quae
589 455 610 479 a
633 439 843 482 cernenda
863 439 1100 479 hereditate
1123 439 1315 480 ducitur:
1349 440 1431 480 hoc
1453 454 1531 478 usu
1552 454 1698 492 parum

239 515 260 538 a
284 505 396 553 χοαῖς
419 497 581 545 differt,
614 497 740 536 illave
766 496 975 535 libatione
995 497 1087 534 vini
1114 497 1348 549 mulsique,
1383 511 1490 549 quae
1508 496 1552 534 in
1574 510 1699 535 sero—-

237 555 329 595 bem
363 553 557 593 effossam
590 552 840 606 invergitur.
897 551 1102 591 Deinde
1091 567 1182 604 lpsa
1211 553 1559 605 circumpotatio,
1591 553 1697 602 sive,

240 621 288 650 ut
313 610 358 648 in
389 609 554 649 Glossis
585 619 669 659 est,
699 611 978 677 περίδειπνον·
1009 623 1062 647 ex
1093 623 1143 648 eo
1173 619 1336 660 autem,
1368 608 1482 663 quod
1514 608 1701 660 additur,

238 665 410 720 λυχνους
427 663 501 721 γὰρ
523 663 659 706 ἅπτειν
678 667 719 707 ἐν
736 667 877 707 πένθει
902 662 951 707 οὗ
969 666 1107 718 θέμις,
1133 665 1314 718 Scaliger
1333 664 1384 703 ad
1403 665 1557 703 Festum
1580 674 1702 704 acute

240 723 424 771 detexit,
455 721 695 761 silicernium
720 730 933 760 auctorem
964 736 1058 761 eum
1091 721 1177 759 dici
1206 721 1417 770 voluisse,
1451 722 1573 775 quasi
1592 720 1705 759 selu-·-

240 781 431 818 cernium:
463 792 557 816 nam
591 777 684 816 Jan.
712 777 894 817 Gulielm.
918 778 1052 817 Veris.
1076 777 1168 827 III,
1199 783 1261 820 12.
1292 778 1506 816 arbitratus
1525 776 1702 816 liter-ulae

239 837 454 874 mutatione
476 845 576 873 recte
596 836 744 873 restitui
764 836 940 887 λίχνους,
974 834 1126 872 mirum
1147 847 1328 872 errorem
1362 833 1616 883 committit,
1660 831 1704 873 ἅ-

238 907 352 933 πτειν
371 890 619 928 existimans
643 889 753 929 idem
774 890 887 943 apud
903 891 1086 929 G1aecos
1108 893 1270 937 valere,
1305 889 1418 943 quod
1436 888 1646 931 ἅπτεσθαι
1663 897 1707 928 et

241 957 381 986 tamen
404 947 510 985 alios
540 946 730 996 invenit,
764 948 836 1000 qui
861 947 967 995 sibi,
1000 956 1199 998 tanquam
1222 960 1263 984 re
1285 946 1388 985 bene
1410 955 1547 999 gesta,
1580 949 1708 999 plau·

243 1003 405 1043 derent.
465 1003 620 1041 Fateor
643 1002 860 1056 equidem,
895 1002 1127 1056 aliquando
1149 1001 1257 1039 mihi
1279 1003 1414 1041 visum
1427 1002 1580 1066 fuisse,
1614 1015 1709 1041 coe-

243 1074 339 1098 nam
361 1058 471 1097 hanc
494 1059 715 1098 funebrem
739 1074 759 1096 a
778 1060 963 1099 Lucieno
986 1058 1201 1105 denota1i;
1237 1059 1479 1110 praesertim
1504 1057 1708 1125 quoniam

242 1115 335 1168 ipse
364 1130 397 1154 s:
404 1130 425 1154 c
455 1114 606 1153 scribit
637 1114 689 1153 de
717 1117 853 1156 Mero.
886 1115 1021 1156 Cond.
1055 1129 1088 1155 c.
1113 1120 1179 1158 28.
1209 1115 1342 1163 εόικας
1369 1113 1444 1170 γὰρ
1476 1113 1561 1156 τότε
1588 1111 1710 1169 στηλῃ

243 1170 368 1214 ἑώλου
399 1170 510 1219 τινὸς
534 1177 679 1225 νεκροῦ
702 1170 873 1241 ἄγοντος
901 1173 1160 1226 ἔναγίσματα’
1207 1172 1274 1212 καὶ
1305 1170 1380 1225 γὰρ
1409 1172 1567 1212 ἐκείνου
1596 1187 1711 1212 και-α’-

242 1230 402 1283 χέαντες
421 1226 571 1296 μύρον,
591 1229 658 1269 καὶ
673 1226 742 1269 τὸν
764 1229 962 1281 στέφανον
983 1229 1187 1276 ἐπιθέντες
1209 1223 1324 1269 αὐτοὶ
1344 1229 1509 1269 πίνουσι
1526 1228 1593 1268 καὶ
1615 1223 1712 1269 εὕω-

242 1302 409 1339 χουνται
425 1302 472 1324 τει
494 1286 864 1337 παρεσκευασιιένα·
894 1298 1081 1351 prorsus
1092 1294 1139 1322 ut
1157 1284 1405 1337 Augustinus
1429 1298 1451 1322 a
1469 1284 1710 1323 Kirclzman·

245 1357 296 1380 no
330 1341 506 1379 citatus:
548 1356 662 1394 parm
654 1358 692 1378 fe
715 1341 861 1394 aliquis
888 1343 969 1380 suis
998 1342 1100 1379 caris
1130 1339 1247 1388 dicit,
1281 1340 1387 1394 quod
1417 1343 1497 1393 ipse
1525 1339 1711 1379 devorat:

247 1396 354 1451 quod
379 1407 555 1449 praestat
588 1400 731 1445 ventri,
764 1400 933 1450 imputat
958 1398 1106 1450 pietati.
1173 1396 1304 1435 Varro
1334 1397 1566 1450 Meleagris
1599 1394 1712 1447 apud

246 1453 423 1493 Nonium
441 1468 482 1505 p.
503 1457 570 1496 48.
606 1453 738 1491 Funus
754 1456 974 1508 exsequiati
992 1453 1095 1491 laute
1116 1452 1171 1490 acl
1189 1452 1407 1505 sepulcrum
1426 1455 1586 1506 antiquo
1608 1467 1713 1491 more

247 1509 488 1548 silicet-nium
518 1509 782 1565 conficimus.-
815 1524 921 1563 quae
945 1523 1022 1547 nec
1044 1508 1131 1547 He]
1133 1508 1268 1547 aldum
1293 1509 1498 1562 fugerunt
1517 1508 1714 1562 Digress.

247 1565 431 1609 1013.
492 1564 596 1604 Ideo
625 1576 867 1618 suspectum
898 1565 1102 1605 habebam
1133 1568 1317 1630 καίουσι,
1351 1574 1550 1618 tanquam
1574 1579 1715 1604 errore

250 1630 395 1659 natum
423 1636 475 1660 ex
505 1623 639 1662 αἴουσι
671 1636 746 1673 pro
776 1621 943 1675 ἄγουσι,
978 1621 1029 1660 de
1054 1635 1138 1673 quo
1170 1621 1274 1660 vitii
1294 1635 1444 1676 genere
1469 1621 1713 1660 monuimus

249 1677 348 1717 Vol.
369 1678 427 1719 II,
450 1692 487 1729 p.
498 1683 593 1721 403.
613 1681 682 1715 vel
711 1679 854 1729 potius
877 1693 929 1718 ex
949 1679 1128 1720 δαίουσι·
1161 1692 1248 1716 non
1269 1677 1381 1716 enim
1402 1686 1567 1715 tantum
1589 1679 1718 1718 δαίειν

250 1751 427 1787 γαμους,
461 1734 575 1786 quod
602 1734 786 1787 Euripidi
812 1735 1040 1784 familiare,
1076 1743 1254 1773 notante
1276 1734 1468 1772 Bai-nesio
1495 1733 1546 1771 ad
1569 1734 1716 1786 Iphig

252 1790 297 1827 in
323 1791 418 1830 Aul.
440 1805 479 1829 v
506 1796 594 1834 123.
621 1800 663 1830 et
689 1792 784 1832 Hel.
808 1805 845 1829 v.
872 1794 993 1835 1455.
1020 1790 1091 1829 sed
1112 1800 1153 1830 et
1179 1792 1308 1832 δαίειν
1325 1786 1458 1842 τάφον
1481 1787 1567 1826 dici
1590 1793 1714 1829 solet·

251 1847 498 1887 Blenecrates
530 1846 641 1899 apud
666 1847 828 1902 Dionys.
852 1847 1065 1889 I-Iczliccmn
1089 1848 1137 1887 A.
1160 1848 1213 1888 R.
1238 1847 1273 1886 Ῑ.
1278 1861 1335 1912 p.
1357 1851 1424 1890 38-
1459 1843 1566 1897 ὅμως
1586 1847 1628 1887 δὲ
1648 1845 1715 1886 τά·

254 1920 336 1955 φον
358 1901 467 1944 (ιῦῑῶ
486 1901 694 1957 (Ἀχιλλεῖ)
716 1907 921 1952 ὸαίσαντες
940 1905 1052 1945 ἐποΓ
1023 1920 1152 1955 εμεον
1169 1921 1215 1957 τῃ
1235 1917 1363 1960 πασῃ·
1396 1902 1456 1940 ita
1475 1901 1716 1956 legendum,

251 1973 338 1998 non
361 1965 430 2016 γῇ·
437 1947 640 1999 absmde
665 1969 856 2005 vertunt,
880 1972 1080 1999 exstruoio
1098 1960 1421 2013 sepulc1030um
1445 1957 1717 2023 oportuisset,

253 2015 375 2069 epulis
404 2018 480 2070 ipsi
499 2016 740 2080 funebribus
761 2019 975 2081 apparatis:
1048 2018 1165 2056 Haec
1195 2017 1317 2054 olim:
1357 2029 1494 2064 nunc,
1536 2014 1572 2051 si
1605 2015 1718 2067 quis,

252 2081 389 2110 servat
395 2087 416 2110 a
448 2073 634 2111 lectione
672 2073 859 2127 vulgari,
894 2073 1104 2112 rationem
1138 2072 1319 2124 priorem
1353 2070 1475 2124 sequi
1504 2071 1715 2120 maluerit,

254 2127 370 2165 haud
397 2128 795 2168 obnitar.H1:Ms'r.
856 2131 989 2168 Recte
1007 2129 1132 2168 habet
1152 2130 1298 2170 καίειν·
1331 2142 1424 2166 nam
1448 2140 1553 2179 quae
1575 2126 1717 2165 scrobi

256 2184 469 2224 immissae
499 2193 617 2224 erant
646 2184 795 2237 dapeS‚
828 2185 1185 2225 comburebantur
1208 2185 1292 2234 ita,
1323 2193 1372 2222 ut
1400 2197 1541 2221 earum
1567 2181 1718 2221 nidore

258 2250 298 2279 et
330 2241 447 2280 fumo
485 2241 650 2279 animae
685 2242 805 2293 quasi
844 2241 1089 2281 advolantes
1123 2240 1323 2279 delectari
1360 2239 1718 2280 existimarentur

260 2296 481 2345 Conferas,
517 2311 623 2349 quae
648 2296 848 2350 deinceps
873 2298 1063 2337 Charoni
1084 2297 1311 2350 respondet
1327 2294 1581 2335 Mercurius.
1616 2294 1719 2332 Om-

259 2352 364 2390 nino
388 2352 517 2407 digna
540 2363 663 2403 sunt,
699 2367 806 2407 quae
828 2354 878 2394 de
901 2354 967 2392 his
991 2354 1160 2393 inferiis
1183 2353 1481 2397 conferantur,
1511 2353 1606 2389 loca
1629 2349 1719 2389 Ho-

259 2424 350 2447 mer.
366 2408 520 2450 Odvss.
539 2409 594 2460 X,
613 2413 707 2453 517.
719 2424 781 2462 sq.
795 2411 870 2460 XI,
889 2413 956 2455 25.
981 2424 1042 2463 sq.
1058 2424 1150 2448 cum
1164 2408 1299 2462 Eur-ip.
1321 2407 1463 2460 Iphig
1477 2408 1604 2445 Taur.
1621 2409 1716 2450 159.

261 2478 322 2516 sq.
354 2474 395 2502 et
417 2454 578 2506 Homer.
602 2466 726 2505 Iliad.
753 2466 928 2517 XXIII,
956 2470 1134 2509 19.179.
1163 2471 1256 2508 221.
1288 2479 1381 2502 cum
1414 2463 1549 2516 Eur-ip.
1578 2463 1718 2502 Orest.

264 2526 344 2562 112
362 2543 417 2550 -·-
443 2527 536 2565 126.
598 2522 783 2562 Uberius
811 2523 855 2562 id
884 2523 1084 2577 exposuit
1105 2520 1264 2561 Natalis
1298 2519 1431 2560 Comes
1462 2519 1506 2557 in
1507 2479 1719 2572 pMythol.

263 2577 312 2615 L.
332 2577 365 2615 Ϊ.
390 2591 424 2616 C.
451 2583 513 2620 12.
539 2589 580 2618 et
603 2585 666 2623 13.
708 2580 865 2618 LssnM.

374 2632 476 2671 Ead.
498 2637 526 2671 1.
554 2639 617 2677 11.
652 2633 969 2690 Πεπιστεύκασι)
999 2636 1124 2674 Festo
1149 2631 1329 2686 quodam
1353 2642 1394 2672 et
1410 2640 1520 2671 stato
1542 2629 1625 2682 die,
1645 2629 1720 2682 qui

264 2686 426 2732 νεκύσια
458 2689 700 2743 dicebatur,
733 2691 1031 2732 defunctorum
1065 2689 1257 2729 manibus
1285 2688 1583 2743 paientabant3
1616 2699 1721 2741 quos
