1781 3174
483 188 1147 222 INCATAPLUM.
1447 188 1543 234 601

198 291 299 344 Pag.
324 290 465 335 1921.
491 291 528 330 1.
559 284 780 338 Αἶπόλιον)
815 286 1043 341 caprarum
1065 302 1245 343 gregem,
1276 305 1364 332 non
1387 295 1548 349 ovium,

87 351 287 403 appellat,
317 346 478 401 quippe
497 344 624 383 facile
649 342 854 382 dilabitur
877 344 1095 397 caprinum
1117 360 1265 401 genus,
1300 359 1343 388 et
1363 355 1547 405 palatur,

88 419 210 460 aegre
232 413 370 442 autem
399 401 658 440 continetur.
695 401 832 439 GESN.

200 460 344 502 Eacl.l,
368 461 407 502 5.
438 455 734 512 Κεκονιμένον)
767 456 896 497 Conf.
928 472 1052 512 supra
1077 459 1189 502 Tim.
1224 476 1258 503 c.
1277 467 1345 506 26.
1375 465 1432 517 (c.
1453 469 1552 518 45.).

90 519 254 559 SOLAN.

198 571 301 612 Ead.
324 574 351 612 1.
377 575 443 614 10.
475 567 725 620 Λειπόνεως)
747 567 802 612 ‘O
822 568 1128 624 μεταλιμπάνων
1146 571 1219 625 τὴν
1236 581 1354 617 ναῦν.
1369 578 1550 619 Bonan.

200 629 299 681 Pag.
321 633 414 672 193.
437 629 464 665 l·
493 633 531 670 7.
559 625 611 669 ‘O
634 626 677 668 τὸ
697 625 848 678 ξύλον)
875 626 1008 681 ’Έχων
1027 628 1253 671 subaudio.
1286 633 1428 675 Bnon.
1489 636 1553 675 Ut

90 685 272 726 inferius
293 699 331 738 p.
353 687 450 727 225.
470 683 554 734 (ed.
577 684 729 735 Paris.)
747 690 831 726 ποῦ
851 684 892 726 δὲ
912 683 932 726 ὁ
955 686 997 726 τὸ
1020 683 1147 734 ξύλον.
1177 689 1390 728 MAncn„
1453 690 1550 734 Vid.

89 757 214 796 supra
233 741 323 781 Vit.
339 742 464 779 Auct.
486 755 550 794 pr.
569 751 611 780 et
633 740 735 778 alibi
757 755 839 779 non
863 745 1003 781 semel.
1039 742 1206 783 SOLAN.
1267 745 1336 785 Sic
1357 743 1379 789 ἆ
1398 745 1472 800 τὴν
1494 765 1554 790 κβ,

88 797 249 851 θάραν,
281 798 371 839 scil.
395 800 513 851 ἔχων,
546 807 586 836 et
608 797 734 835 simil.
757 812 809 835 ex
828 798 1024 846 Luciano,
1059 799 1128 837 cui
1151 800 1254 839 haec
1277 803 1440 853 ellipsis
1462 819 1557 857 par-

89 856 234 909 ticipii
255 855 472 909 hequem,
505 854 605 893 item
637 868 689 892 ex
718 858 756 897 2.
782 854 877 893 Cor.
900 855 1030 905 VIM,
1057 859 1120 900 15.
1148 856 1236 896 vid.
1261 859 1375 913 apud
1395 860 1448 901 L,
1471 861 1557 900 Bos

91 912 142 953 de
166 912 328 963 ellipsi‚
361 926 400 963 p.
419 915 488 955 55,
520 911 684 948 Rmrz.

199 963 558 1018 Εαιῐ.1.9.Παρ’
592 964 715 1019 ὅλην
744 965 836 1020 τὴν
867 963 992 1010 ὄδὸν
1022 965 1300 1022 ἀντέβαινε
1328 975 1415 1015 καὶ
1447 969 1560 1015 ‹ivv-

90 1025 247 1076 ε’σπα]
281 1026 432 1063 Paullo
457 1025 602 1072 aliter,
638 1038 761 1077 quam
791 1026 942 1079 vulgo,
977 1025 1080 1066 haec
1100 1030 1302 1082 leguntur
1323 1030 1365 1067 in
1390 1030 1557 1070 Lexico

88 1081 261 1123 Inedito
294 1079 399 1118 Cod.
437 1082 541 1134 Reg.
570 1081 700 1119 Paris.
723 1085 847 1125 2562.
879 1082 953 1121 fol.
977 1088 1070 1126 209,
1104 1095 1230 1125 recto:
1259 1083 1491 1140 Ἀντιβαίνει
1512 1085 1558 1128 τὸ

89 1137 298 1181 ἀντιτείνει
328 1139 394 1179 καὶ
420 1134 650 1189 (hapsida,
684 1135 736 1185 ὥς
766 1140 830 1178 καὶ
860 1137 970 1192 παρὰ
992 1146 1235 1194 Λουκιανῷ,
1267 1140 1334 1184 ὅδε
1364 1142 1463 1183 κατὰ
1486 1142 1560 1196 τὴν

91 1196 190 1238 ὁδὸν
222 1200 357 1236 πᾶσαν
389 1191 594 1247 ἀντέβαινε
624 1195 689 1234 καὶ
726 1191 912 1236 ἀντέσπα.
986 1196 1052 1234 Ex
1086 1195 1174 1243 his,
1226 1213 1331 1251 quae
1362 1200 1556 1241 Doctiss.

94 1254 274 1292 Osannus
304 1253 348 1288 in
377 1251 560 1290 medium
598 1252 779 1303 protulit
810 1250 859 1289 ad
894 1252 1108 1294 Philemon.
1138 1267 1177 1306 p.
1201 1260 1297 1298 239.
1331 1256 1559 1295 manifesto

93 1310 261 1363 quidem
287 1317 416 1360 patet,
447 1307 669 1346 Lucianum
701 1308 919 1360 scripsisse
942 1306 1157 1361 ἀντέβαινε,
1191 1325 1293 1359 non,
1330 1311 1444 1363 quod
1468 1315 1562 1350 vul-

93 1376 237 1419 gutum
260 1375 322 1403 est
347 1364 473 1415 hujus
494 1366 714 1415 glossema.
735 1360 941 1404 ἀντέτεινε.
991 1365 1074 1405 Sed
1099 1366 1213 1418 quod
1239 1367 1431 1417 Osannus,
1460 1367 1561 1407 dum

92 1422 200 1460 dicit
221 1420 366 1471 „hinc
391 1420 586 1457 mutilum
606 1419 782 1458 Luciani
799 1422 939 1458 locum
963 1422 1130 1474 egregie
1153 1434 1193 1462 et
1222 1424 1360 1461 sanari
1382 1433 1422 1461 et
1446 1439 1564 1462 corn-

92 1478 262 1533 plexi,“
303 1475 539 1530 significat,
573 1475 698 1514 etiam
724 1476 847 1515 verba
876 1477 1224 1530 Lexicographi:
1266 1478 1333 1521 ὅδε
1364 1479 1462 1521 κατὰ
1487 1478 1563 1532 τὴν

95 1534 190 1577 ὁδὸν
213 1539 346 1574 πᾶσαν
367 1533 550 1571 Luciam
580 1530 700 1570 reddi
725 1531 899 1581 debere,
933 1548 1018 1570 non
1044 1534 1274 1576 adsentior.
1336 1536 1564 1576 Debentur

95 1593 208 1634 enim
237 1590 342 1628 haec
373 1588 550 1626 arbitrio
575 1587 741 1626 cuidam
774 1592 838 1627 vel
863 1590 1088 1628 memoriae
1116 1590 1391 1630 Grammatici
1418 1593 1564 1643 falsae,

94 1663 172 1688 nec
192 1646 393 1701 agebatur
412 1644 536 1693 huic,
571 1644 654 1681 nisi
677 1643 728 1682 de
750 1645 889 1683 verbis
916 1642 1120 1698 ἀντέβαινε
1146 1649 1212 1687 καὶ
1235 1646 1423 1689 ἀντέσπα.
1487 1649 1566 1689 Ce-

94 1717 231 1744 terum
256 1705 322 1741 vel
340 1702 400 1739 sic
423 1700 533 1737 haud
552 1700 747 1752 exiguam
771 1716 789 1738 a
809 1702 986 1740 Lucianz'
1004 1703 1240 1741 cultoribus
1264 1705 1365 1742 iniit
1386 1705 1566 1758 gratiam

101 1762 306 1808 Osannus,
343 1756 456 1809 quod
487 1757 570 1808 ipsi
603 1756 728 1795 verba
755 1757 827 1795 illa
858 1757 902 1794 in
928 1773 1048 1796 usum
1078 1759 1294 1809 publicum
1330 1760 1567 1800 describere

96 1817 272 1871 piacuit.
319 1815 390 1852 De
412 1813 492 1852 hoc
517 1812 636 1851 verbi
657 1808 904 1864 ἀντιβαίνειν
927 1830 1003 1851 usu
1025 1814 1340 1855 Hemszerkusius
1361 1820 1568 1856 nonnulla

98 1871 302 1912 disseruit
325 1884 450 1923 supra
482 1868 534 1907 ad
552 1869 688 1908 Dian.
711 1870 866 1910 Mortt.
888 1871 1084 1919 XXVII,
1109 1876 1144 1914 1.
1171 1874 1294 1912 Tom.
1318 1874 1377 1911 ΙΙ.
1402 1887 1446 1927 p.
1470 1877 1567 1918 639.

99 1945 161 1985 sq.
194 1930 351 1968 LEuM.

215 1984 316 2024 End.
339 1985 365 2021 l·
390 1988 456 2026 12.
489 1980 603 2036 Πρὸς
621 1978 784 2037 ὀλίγον)
815 1982 1013 2038 Intellige
1032 1981 1191 2037 χρόνον.
1223 1985 1369 2025 Bnon,
1429 1987 1571 2040 Ellip.

102 2043 160 2082 sis
188 2052 271 2081 tam
304 2039 492 2093 vulgaris
527 2051 570 2078 et
595 2040 796 2093 frequens
828 2040 940 2092 apud
971 2055 1139 2093 omnes,
1174 2051 1220 2080 ut
1251 2043 1455 2096 exemplis
1480 2057 1570 2083 non

102 2098 308 2152 indigeat.
356 2097 520 2137 Rufrz,

214 2153 318 2194 Ibid.
351 2151 490 2194 Πολλά
520 2149 686 2207 δώσειν)
715 2152 837 2191 Utin
856 2152 1166 2199 Diall.Mortt.
1188 2171 1244 2196 ex
1255 2156 1420 2195 Homer.
1445 2154 1575 2198 πολλὰ

104 2207 144 2255 δ’
169 2211 211 2254 ἐν
234 2207 401 2264 ἇφεινῷ.
443 2210 619 2248 Bounn.

219 2267 322 2320 Pag.
339 2270 432 2309 194.
452 2269 480 2305 1.
499 2271 533 2309 1.
562 2262 726 2318 Ἀνίειν)
752 2262 902 2320 Ἀνίην.
937 2267 1114 2311 GUYET.
1174 2269 1275 2310 Vid.
1295 2270 1415 2311 Varr.
1433 2269 1575 2312 Lectt.

106 2325 264 2365 Lnnm.

221 2379 325 2419 Ead.
348 2382 375 2421 l.
399 2384 436 2422 2.
470 2375 679 2431 Στόμιον)
709 2380 894 2419 Peccant
917 2380 1022 2420 haec
1046 2382 1090 2419 in
1114 2381 1428 2436 Geographiam
1457 2381 1578 2422 infe-

110 2451 274 2486 rorum,
307 2437 350 2474 in
379 2450 461 2489 qua
484 2435 595 2473 nihil
617 2439 724 2474 ultra
753 2436 982 2475 Charontis
1005 2438 1193 2490 cymbam
1221 2438 1460 2492 pertingere
1481 2452 1579 2477 cen-

113 2502 241 2533 setur.
301 2493 506 2544 Maleque
531 2491 636 2530 adeo
668 2491 739 2530 hic
762 2492 889 2530 situm
920 2493 978 2531 cis
1000 2497 1136 2532 lacum
1159 2493 1290 2533 Aeaci
1322 2495 1578 2551 portorium,

115 2547 232 2604 quod
250 2549 293 2586 in
318 2548 512 2587 ulteriori
536 2548 625 2600 ripa
648 2549 750 2600 poni
777 2548 935 2589 decuit.
968 2551 1135 2589 SOLAN.

225 2603 328 2644 Ead.
348 2607 376 2642 l·
397 2609 436 2647 6.
463 2601 716 2652 ’Λνατείναςὶ
741 2602 980 2646 Ἀνατείνειν
1003 2604 1073 2654 τὰς
1098 2602 1251 2660 ὀφρῦς,
1286 2620 1373 2645 uon
1396 2615 1460 2646 est
1476 2622 1585 2647 con-

113 2661 264 2701 trahere
279 2659 507 2713 supercilia,
539 2669 588 2700 ut
606 2660 812 2713 interpres
835 2660 984 2709 habet3
1018 2661 1100 2701 hoc
1123 2663 1237 2702 enim
1259 2662 1410 2702 Graeci
1431 2662 1584 2702 dicunt

114 2717 301 2773 συνάγειν
318 2716 468 2769 ὀφρῦς,
501 2726 647 2771 estque
680 2716 882 2760 iratorum
896 2750 908 2771 ,
940 2732 1171 2773 eorumque
1186 2750 1196 2769 ,
1230 2718 1308 2773 qui
1330 2727 1498 2760 torvum
1518 2718 1583 2761 vi*
