1781 3174
308 187 360 218 IN
395 185 537 216 APOL.
574 185 672 215 ruo
709 185 861 216 LAPsu
896 187 947 217 IN
985 186 1290 220 SALUTANDO.
1440 179 1540 225 727

191 283 296 324 Ιύἰιῖ.
339 279 524 336 Εὐμενὴς
562 280 583 325 ὅ
617 285 776 338 Καρδ.)
828 283 1086 325 Cardianum
1120 286 1252 327 fuisse
1284 287 1541 340 Eumenem,

78 340 281 381 Plutarch.
309 341 351 378 in
388 340 503 380 Corn.
523 340 671 393 Nepote
700 340 860 394 aliique
886 341 1042 382 diserte
1062 342 1249 384 tradunt.
1311 346 1542 397 Σαρδιανὸς

78 408 215 437 taimen
238 398 282 435 in
305 396 500 436 omnibus
521 396 696 436 Luciam*
716 397 935 436 codicibus
956 399 1127 452 legitur.
1161 401 1255 455 Ego
1277 400 1391 440 haud
1413 416 1541 442 cunc-

79 464 218 493 tamer
238 454 419 500 mutavi,
452 452 649 505 idemque
672 464 770 492 ante
790 469 854 493 me
871 454 1031 495 Vct-stio
1051 457 1261 509 placuisse
1282 457 1424 498 video.
1457 460 1539 513 Ap.

75 510 236 552 Aeliam
262 513 356 549 Var.
385 509 501 550 Hist.
523 509 617 555 III,
641 516 709 554 23.
741 511 868 550 etiam
905 521 1018 551 recte
1042 511 1214 565 quidem
1234 512 1463 567 Καρδιανὸς
1482 519 1542 555 le-

75 568 213 620 gitur,
248 566 318 607 sed
342 581 496 606 nomeu
523 566 727 607 Eumenis
748 567 790 605 in
817 563 863 609 εὖ
883 569 952 621 μὲν
973 568 1018 606 in
1044 569 1241 608 omnibus
1265 572 1399 610 seculi
1424 572 1539 616 XVI,

76 622 168 664 edd.
191 632 396 662 mutatum
415 631 500 670 est;
535 623 651 676 quod
672 638 694 662 a
723 624 1032 664 recentioribus
1050 625 1286 665 editoribus
1308 628 1456 667 sedulo
1478 643 1542 667 re·

76 680 272 718 stitutum
309 690 385 720 est.
445 678 625 732 Scripsit
652 681 863 720 Eumenes
899 680 971 721 hic
999 681 1269 736 Epkemerides
1296 683 1542 725 Alexandri.

76 734 172 775 Vid.
201 738 346 776 Athen.
371 736 435 785 X,
460 741 499 780 9.
533 737 637 775 Fuit
668 747 808 777 autem
842 738 953 777 inter
981 738 1158 778 comites
1191 753 1267 779 seu
1297 740 1422 779 duces
1452 744 1543 794 ejus

75 792 140 829 vir
167 795 294 844 plane
326 793 525 842 illustris,
558 796 677 846 cujus
705 795 834 833 vitam
867 793 964 834 ideo
1000 794 1121 834 nobis
1156 796 1332 849 reliquit
1351 797 1482 850 Nepos
1503 808 1546 836 et

73 847 323 890 Plutarchus.
386 848 620 889 Cardianus
641 849 800 889 dicitur
820 851 871 889 ab
895 851 1057 904 oppido
1071 851 1278 892 Thraciae
1297 853 1340 891 in
1364 852 1546 893 Cherso-

76 918 201 955 neso,
237 905 352 960 quod
386 905 539 946 Cardia
566 907 808 947 vocabatur.
869 908 987 948 Haec
1015 908 1141 948 Per-iz.
1165 907 1217 946 ad
1237 909 1329 950 Ael.
1351 913 1379 949 l.
1400 923 1434 948 c.
1467 911 1546 949 So·

80 976 182 1003 LAN.
217 962 326 1003 Edd.
347 961 598 1016 Σαρδιανὸς,
629 978 707 1003 nec
729 964 850 1003 aliter
872 963 1007 1007 Codd.
1039 965 1096 1003 At
1118 965 1162 1003 in
1181 965 1430 1004 nominibus
1449 981 1546 1019 pro-

75 1019 204 1071 priis,
239 1020 275 1057 si
297 1019 478 1060 Codices
499 1021 795 1070 consentiunt,
825 1035 913 1060 non
933 1036 1094 1074 semper
1115 1021 1389 1076 cogitandum
1404 1053 1414 1070 ‚
1449 1037 1546 1062 auc-

76 1085 187 1115 tores
221 1077 344 1116 aliter
372 1077 610 1130 scripsisse,
644 1078 722 1116 etsi
754 1092 869 1116 error
901 1077 945 1116 in
974 1078 1147 1118 nomine
1178 1078 1544 1132 deprehendatur:

80 1148 175 1171 nam
201 1143 243 1172 et
260 1132 510 1186 μνημονικὸν
531 1131 746 1186 ἇμάρτημα
766 1134 902 1186 ipsius
925 1134 1109 1174 auctoris
1129 1149 1219 1174 esse
1241 1135 1409 1187 potuit,
1445 1150 1546 1189 qua·

77 1191 116 1229 le
135 1199 198 1228 est
225 1190 419 1230 Ciceronis
447 1191 490 1227 iu
523 1190 641 1230 Orat.
671 1205 747 1242 pro
782 1191 988 1244 Ligario,
1021 1191 1135 1246 quod
1166 1191 1256 1243 ipse
1288 1192 1465 1247 corrigit
1500 1192 1545 1230 in

79 1247 215 1298 Epist.
236 1247 287 1284 ad
309 1248 397 1286 Att.
423 1247 555 1296 XIII,
578 1251 645 1291 44.
679 1248 736 1285 Et
766 1246 872 1286 alibi
895 1247 1066 1301 Ajacem
1098 1247 1294 1300 posuisse
1321 1262 1396 1301 pro
1433 1249 1547 1287 Hec-

79 1315 193 1355 tore,
239 1303 340 1343 Gell.
377 1303 483 1351 XV,
515 1309 552 1348 6.
594 1303 909 1346 animadvertit.
952 1305 1076 1342 Plura
1109 1302 1320 1357 ejusmodi
1357 1315 1548 1344 veterum

81 1357 339 1414 ἆμαρ-πήματα
365 1359 448 1401 vid.
473 1375 538 1413 ap.
564 1360 688 1400 Periz.
711 1361 756 1398 in
778 1359 1003 1400 Animadv.
1026 1360 1125 1399 hist.
1149 1374 1188 1413 p.
1210 1366 1248 1404 7.
1270 1366 1307 1404 8.
1338 1362 1425 1400 Hic
1447 1375 1548 1400 vero

83 1419 124 1454 in
158 1432 201 1456 re
231 1427 314 1456 tam
341 1425 442 1455 nota
475 1431 562 1456 non
591 1416 736 1469 potuit
765 1430 899 1456 errare
927 1417 1154 1455 Luciarzus:
1191 1431 1287 1455 nam
1315 1419 1549 1457 Eumenem

83 1472 340 1513 Cardianum
370 1474 504 1513 fuisse
535 1472 620 1512 vid.
644 1473 769 1511 etiam
797 1487 863 1526 ap.
892 1472 932 1514 C.
958 1473 1057 1526 Nep.
1079 1473 1123 1510 in
1145 1475 1234 1527 ejus
1259 1473 1371 1520 vita,
1405 1475 1553 1528 ibique

82 1531 125 1568 in
149 1539 258 1569 nott.
282 1529 398 1568 Bosii
418 1543 648 1584 cognosces
672 1528 818 1568 itidem
850 1529 1048 1568 librarios
1072 1529 1276 1582 quosdam
1304 1533 1411 1570 male
1447 1531 1553 1570 Sar-

83 1587 223 1626 dianus
245 1586 499 1626 exaravisse.
560 1585 645 1627 Sed
667 1585 702 1624 si
720 1585 883 1624 scribae
905 1585 1056 1625 Graeci
1080 1600 1132 1624 ex
1151 1586 1324 1626 Latinis
1348 1602 1469 1625 suum
1491 1601 1555 1626 er-

84 1657 220 1683 rorem
242 1641 509 1690 hausissent,
544 1642 687 1680 facilis
719 1642 872 1680 fuisset
901 1642 1135 1693 aberratio,
1168 1642 1391 1696 antiquum
1420 1644 1477 1694 C,
1508 1642 1555 1682 id.

85 1710 172 1746 est,
206 1702 333 1752 sigma
365 1698 646 1748 Graecorum,
686 1713 779 1736 cum
812 1699 975 1736 Latino
1011 1698 1068 1744 C,
1104 1698 1217 1753 quod
1248 1698 1319 1737 hic
1341 1700 1380 1738 H
1404 1709 1552 1750 sonat,

87 1755 444 1794 confundentium
463 1788 473 1804 ,
507 1764 550 1794 et
570 1769 622 1793 ex
655 1754 1000 1794 CARDIANUS
1032 1753 1255 1808 Θαρδιανὸς
1285 1756 1550 1795 facientium.

88 1810 314 1866 Quidquid
336 1811 417 1858 sit,
450 1811 657 1850 correctio
683 1810 789 1848 mihi
816 1812 906 1850 visa
927 1821 1009 1850 tam
1037 1812 1294 1860 necessaria,
1327 1821 1375 1851 ut
1394 1824 1555 1852 mutare

87 1872 302 1923 vulgatam
320 1882 408 1907 non
430 1867 728 1919 dubitaverim.
761 1868 925 1906 Rmrz.
980 1867 1047 1907 Cf.
1070 1882 1194 1921 supra
1213 1867 1372 1908 Adnot.
1395 1868 1446 1908 ad
1462 1884 1496 1908 e.
1513 1875 1554 1914 3.

87 1926 245 1964 LnnM.

202 1981 301 2035 Pag.
322 1986 416 2026 312.
444 1984 470 2022 1.
496 1986 536 2024 6.
569 1978 674 2022 Ἀντὶ
705 1985 782 2022 τοῦ
808 1981 1040 2035 ἐρᾇσθαι)
1080 1981 1232 2021 Graeci
1264 1981 1376 2021 enim
1407 1983 1558 2038 ἔρῤωσο

91 2037 376 2077 subscribunt.
408 2039 552 2079 Bnon.

209 2094 311 2134 Jbtd.
345 2093 685 2145 Διονυσόδωρος)
717 2095 786 2134 De
807 2094 888 2135 hoc
907 2093 1140 2147 scriptore,
1174 2095 1210 2133 si
1234 2094 1403 2148 quidem
1428 2094 1560 2147 scrip·

91 2162 158 2190 tor
178 2151 305 2190 etiam
325 2151 481 2201 fuerit,
513 2150 624 2189 nihil
644 2165 723 2205 ego
759 2151 929 2204 quidem
955 2152 1183 2203 comperio.
1218 2152 1386 2192 SOLAN.
1447 2152 1564 2191 Rhe·

96 2219 228 2247 torem
260 2210 349 2261 ejus
384 2207 572 2247 nominis
603 2206 803 2260 producit
827 2209 970 2247 Noster·
991 2208 1034 2246 in
1062 2207 1254 2261 Sympos.
1278 2223 1312 2247 c.
1342 2213 1379 2251 6.
1404 2212 1444 2250 9.
1469 2221 1563 2262 sqq.

97 2265 254 2303 Verum
279 2279 378 2303 num
409 2264 478 2302 hic
503 2264 615 2303 idem
636 2278 727 2302 cum
765 2267 993 2303 collectore
1023 2264 1297 2317 epistolarum
1329 2264 1567 2304 Ptolemaei

101 2321 257 2370 fuerit,
292 2335 378 2359 non
411 2320 574 2372 liquet,
619 2334 695 2359 nec
727 2323 903 2359 multum
938 2335 1053 2359 curo.
1115 2320 1247 2360 Rcllni
1275 2321 1447 2360 solertia
1471 2334 1570 2359 ma—

101 2380 194 2415 vult
217 2376 258 2415 h.
279 2379 303 2418 1.
324 2376 657 2432 Dionysiodorum
683 2376 890 2431 quendam
916 2379 1094 2417 Boetum
1110 2409 1120 2423 ,
1153 2377 1358 2416 historiae
1383 2378 1572 2417 Graecae

103 2433 378 2486 scriptorem,
418 2432 468 2472 ad
503 2433 698 2485 Philippi
733 2448 893 2486 usque,
930 2433 1161 2474 Alexandri
1191 2434 1345 2487 patris,
1389 2443 1573 2474 aetatem

103 2488 342 2542 perductae.
404 2490 570 2529 Habeat
592 2489 688 2530 sibi.
721 2491 878 2530 LmrM.

219 2545 320 2585 Eud.
349 2551 374 2589 l.
410 2553 449 2593 8.
494 2545 666 2599 ΙΙύρᾇυ
695 2551 765 2588 τοῦ
798 2545 1083 2603 Ἠπειρώτου)
1121 2549 1191 2588 De
1223 2561 1308 2603 quo
1342 2547 1484 2587 Juslin·
1516 2548 1571 2588 L·

105 2602 270 2640 XYIH.
304 2604 446 2645 Coc-N.

223 2659 323 2700 Eacl,
344 2663 369 2701 l.
396 2664 459 2704 15.
499 2655 625 2703 Οὖὸὲυ
647 2659 750 2713 ὄφ.)
780 2659 962 2699 Videtur
989 2662 1039 2701 ad
1062 2663 1310 2701 sententiam
1345 2661 1458 2700 illam
1491 2659 1580 2700 Cot

110 2716 245 2765 senis,
277 2717 329 2756 L.
366 2717 447 2758 111.
480 2716 531 2759 dc
562 2717 722 2769 diaeta,
758 2716 968 2758 alludere:
1012 2718 1130 2763 ούῠὲυ
1157 2717 1300 2772 ὄφελός
1330 2719 1458 2769 ἐστιν,
1490 2717 1582 2759 οὔτε
