1781 3174
537 180 597 210 ιΝ
644 178 1146 219 ΝΕεΥοΜΑΝΤιΑ-η.
1493 175 1593 220 375

129 278 248 320 dicto
267 312 278 329 ,
314 273 355 320 τ’
384 273 590 331 ἀλλότριον
616 271 873 330 ὂξυδερκεῖν,
917 274 962 322 τὸ
993 278 1100 321 ἴδιον
1126 278 1420 333 παραβλέπειν·
1458 291 1590 338 atque

127 336 230 376 inde
252 334 456 390 spernendi
463 352 479 387 ,-
507 333 638 376 πάντα
655 333 725 376 τὸν
751 333 874 389 ὄγκον
895 336 1129 383 δυναστείας
1147 336 1303 389 ἐκείνης
1313 335 1404 380 ἄντ’
1422 334 1591 392 οὐδενὸς

123 394 448 447 παραβλέποντος
481 390 642 444 Gregor.
666 391 783 446 Nyss.
805 393 853 431 Τ.
870 390 929 430 ΙΙ.
960 405 1001 444 Ρ.
1022 395 1118 437 314.
1140 391 1193 432 A.
1234 396 1363 434 altera
1393 395 1498 435 male
1514 399 1585 436 vi-

123 449 242 490 clendi
257 481 268 501 ,
299 447 466 488 videndo
488 447 725 499 aberrandi‚·
757 461 866 500 quae
885 446 1014 502 hujus
1035 458 1097 487 est
1118 447 1230 502 loci,
1262 452 1584 507 accusativique

118 516 369 549 structuram
389 504 579 556 respuitz
611 503 672 543 sic
689 504 735 542 in
763 503 926 543 Glossis
951 503 1170 544 Allucinor
1189 515 1231 545 et
1249 505 1497 558 Hallucinor
1517 520 1583 551 est

114 561 371 616 παραβλέπω.
409 561 609 619 Hmsvr„
668 562 944 615 Παραβλέπειν
967 559 1088 611 Γόλους
1122 564 1371 613 Μενίππους
1397 564 1580 606 nimium

114 618 276 659 recedit
295 632 317 656 a
335 618 523 657 Luciani
546 632 625 656 usu
645 615 869 672 loquendi,
931 617 1093 657 Contra
1125 620 1344 669 Μένιππος
1370 621 1463 670 ὅλος
1482 622 1580 660 imi-

112 685 249 720 tatore
269 674 460 713 Luciani
480 673 672 728 dignum.
731 674 855 713 Loco
869 704 880 725 ‚
913 688 1038 727 quem
1059 673 1247 716 Graevius
1269 676 1442 730 citavit,
1475 677 1577 718 addi

110 741 292 786 possunt
312 745 365 772 ex
382 730 535 770 iisdem
553 731 687 770 Dian.
708 731 862 772 Mortt.
883 730 964 772 ΙΙΙ.
988 730 1060 771 fin.
1093 729 1184 780 ὅλος
1207 731 1258 782 ,εἴ
1275 731 1418 788 νεκρὸς
1449 744 1491 774 et
1520 734 1576 775 de

109 787 275 828 Sacriff.
299 802 334 828 c.
361 792 426 832 14.
458 789 525 829 καὶ
546 785 616 830 τὸν
637 793 761 830 Πᾶνα
779 785 872 830 ὅλον
889 785 1052 842 τράγον.
1099 788 1367 842 Quamquam
1389 791 1574 844 largien-

109 845 207 885 dum
231 843 404 896 clerico,
433 844 621 897 aliquam
648 859 736 886 esse
760 844 910 883 horum
935 847 1125 883 locorum
1156 843 1570 889 dissimilitudinem.

106 903 217 942 Nam
238 901 283 939 in
303 900 442 940 tribus
464 900 530 939 his
551 902 661 941 locis
691 911 734 942 et
758 901 965 941 Hercules
981 931 991 951 ‚
1025 910 1066 940 et
1095 901 1375 955 Trophonius
1406 913 1448 942 et
1481 904 1572 954 Pan¹

104 961 179 999 toti
197 957 419 1008 dicuntur,
451 958 620 997 ratione
639 958 823 1012 partium
843 972 1011 997 suarum
1030 956 1192 999 habita.
1224 959 1276 997 In
1299 969 1447 998 nostro
1468 974 1569 999 con-

103 1026 167 1055 tra
188 1028 276 1053 non
299 1014 548 1067 conspirant
564 1014 756 1069 singulae
776 1024 916 1067 partes
941 1013 992 1052 ad
1011 1011 1280 1054 efficiendum
1306 1017 1570 1060 toturnRIen-

102 1072 266 1125 ippum.
325 1072 468 1110 Tanto
498 1071 639 1110 minus
661 1070 860 1123 dubium,
893 1069 999 1124 quin
1019 1070 1210 1110 imitator
1238 1071 1300 1111 sic
1331 1072 1564 1125 scripserit.

100 1130 172 1167 De
194 1127 274 1166 hac
293 1127 415 1167 vocis
437 1125 531 1175 ὅλος
553 1137 765 1179 potestate
784 1129 1008 1177 nonnulla,
1035 1140 1289 1182 quamquam
1310 1142 1397 1166 non
1420 1129 1564 1174 omnia

99 1195 235 1232 certa,
269 1184 499 1238 proposuit
531 1182 579 1225 C.
603 1181 657 1225 G.
678 1184 817 1225 Jacob.
843 1183 889 1222 in
906 1183 1071 1222 Hildes.
1095 1183 1204 1225 Hrit.
1226 1183 1337 1228 Bibl,
1368 1199 1405 1224 ε.
1435 1190 1561 1230 1821.

96 1242 144 1281 P.
163 1242 196 1281 Ι.
219 1241 340 1279 Fasc.
363 1245 401 1283 1.
422 1254 465 1294 p.
486 1243 580 1283 105.
603 1254 666 1294 sq.
729 1241 856 1280 Certe
885 1254 1015 1295 quum
1046 1238 1091 1277 in
1113 1239 1202 1282 Vir.
1222 1239 1349 1284 Auct.
1374 1255 1468 1293 cap.
1494 1247 1559 1286 12,

93 1311 171 1351 pro
193 1298 260 1338 καὶ
285 1295 386 1346 ὅλως
403 1295 597 1351 σοφιστὴς
616 1299 779 1340 mavult
797 1296 886 1353 legi
904 1296 973 1340 καὶ
993 1292 1084 1346 ὅλος
1109 1293 1330 1353 σοφιστὴς,
1362 1305 1480 1337 totus
1499 1311 1564 1339 er-

83 1363 164 1396 rat.
194 1354 355 1392 LmrM.
853 1360 855 1362 ’

198 1442 298 1497 Pag.
322 1447 360 1487 4.
385 1443 413 1483 l.
437 1448 476 1487 1.
506 1444 662 1495 Πῖλος)
690 1443 913 1496 Perperarn
939 1442 1123 1482 vertitur
1150 1442 1289 1493 clava,
1324 1457 1421 1482 cum
1445 1444 1560 1486 verti

89 1499 238 1542 debeat
255 1499 407 1554 pileus.-
435 1515 532 1539 nam
555 1500 658 1545 Quia
680 1500 871 1553 Ulysses,
905 1500 1111 1540 Hercules
1131 1509 1173 1540 et
1192 1499 1395 1553 Orpheus
1416 1500 1469 1539 ad
1489 1500 1558 1539 in-

87 1558 199 1597 feros
219 1556 546 1607 descenderant,
564 1548 651 1596 'dat
671 1557 884 1609 Blenippo
903 1555 1048 1611 pileum
1063 1587 1075 1605 ,
1108 1565 1157 1595 ut
1174 1556 1372 1609 Ulyssem
1387 1587 1398 1607 ‚
1431 1555 1558 1603 leonis

84 1616 263 1662 exuvias,
294 1623 344 1652 ut
363 1614 606 1662 Herculem,
640 1622 682 1653 et
702 1612 844 1668 lyram,
879 1624 927 1652 ut
945 1612 1114 1665 Orphea
1134 1613 1335 1655 referret:
1367 1613 1413 1652 id
1435 1613 1555 1666 quod

81 1680 196 1710 recte
217 1669 462 1709 observavit
484 1668 756 1710 Alb.Rube12.
781 1669 832 1708 de
856 1670 922 1709 Re
941 1669 1060 1709 Vest.
1083 1668 1235 1710 lib.II.
1261 1684 1296 1711 e.
1313 1673 1379 1714 15.
1410 1671 1552 1714 ΒΑΜ..

80 1726 169 1765 Hic
189 1735 232 1765 et
251 1727 364 1764 infra
380 1726 562 1766 ridicule
586 1727 792 1778 interpres
826 1726 980 1766 clavam
1001 1725 1156 1775 vertit,
1186 1723 1302 1778 quod
1331 1739 1554 1779 nunquam

78 1797 167 1822 vox
190 1783 349 1822 Graeca
371 1781 649 1836 significavit.
710 1783 912 1820 Peccasse
931 1780 1115 1830 videtur,
1147 1781 1245 1835 quia
1264 1782 1550 1835 existimavit,

81 1848 275 1878 ornatum
295 1838 502 1890 Menippi
522 1852 596 1890 per
622 1838 764 1876 omnia
786 1839 1000 1877 Herculeo
1021 1836 1199 1877 similem
1225 1851 1314 1877 esse
1334 1848 1549 1892 oportere.

79 1895 214 1947 Atqui
232 1893 304 1932 hic
324 1904 499 1933 ornatus
525 1893 744 1932 desumtus
780 1903 869 1933 erat
899 1908 922 1932 a
954 1892 1093 1932 tribus
1123 1893 1351 1942 heroibus,
1394 1894 1471 1947 qui
1502 1895 1550 1935 in

81 1950 243 1989 inferos
282 1949 606 1991 descenderunt.
686 1950 914 1989 Herculem
942 1949 1156 1989 referebat
1191 1950 1315 2003 pellis
1346 1952 1549 2001 leonina¹

81 2006 298 2059 Orpheum
331 2009 448 2059 lyra,
489 2006 689 2059 Ulyssem
722 2019 823 2045 vero
852 2011 994 2056 πῖλος,
1026 2005 1111 2046 hoo
1140 2016 1227 2057 est,
1269 2007 1434 2061 pileus,
1472 2021 1550 2047 seu

79 2073 269 2116 petasus:
302 2063 418 2115 quali
442 2062 673 2102 utebantur
694 2062 905 2111 viatores,
937 2072 980 2102 et
1002 2063 1120 2117 quali
1137 2062 1320 2117 proinde
1340 2078 1442 2102 usus
1461 2077 1550 2104 cre·

80 2120 259 2158 debatur
287 2119 488 2171 Ulysses,
530 2119 603 2173 qui
634 2127 700 2157 tot
732 2118 890 2157 itinera
921 2120 1092 2161 fecerat.
1161 2119 1272 2160 Vide
1303 2120 1418 2159 infra
1445 2135 1479 2162 0.
1502 2126 1546 2166 8.

79 2176 220 2217 Cum.
279 2176 333 2216 V.
353 2190 388 2216 c.
408 2180 449 2220 8.
482 2174 558 2214 ubi
581 2189 654 2214 cur
675 2175 753 2214 ista
775 2184 981 2230 gestaret,
1010 2185 1164 2218 narrat.
1197 2177 1370 2217 Sonam.

190 2265 298 2306 Eacl.
317 2268 347 2305 1.
371 2268 408 2310 5.
428 2263 555 2306 ‘'Hnoe
582 2268 736 2318 νεκρῶν
767 2266 1007 2318 κευθμῶνα)
1050 2265 1257 2320 Euripides
1287 2265 1333 2304 in
1363 2265 1544 2306 Hecuba

74 2339 114 2366 v.
139 2328 175 2366 1.
204 2324 352 2362 Bnon.
413 2322 507 2360 Hos
527 2336 674 2361 versus
697 2321 759 2359 sic
779 2322 1000 2360 transtulit
1017 2322 1194 2362 Ennius:
1233 2323 1396 2363 Adsum
1428 2334 1545 2377 atque

73 2379 240 2419 advenio
257 2378 485 2419 Acherunte
501 2381 594 2428 vix,
626 2380 693 2416 via
709 2377 794 2416 alta
814 2389 930 2432 atque
945 2378 1072 2417 ardua
1089 2379 1165 2417 Per
1179 2379 1387 2432 speluncae
1407 2383 1544 2420 saxeis

75 2447 245 2475 structas
262 2438 429 2488 asper-eis
453 2434 709 2489 pendentibus
729 2435 987 2485 DIaoeumeis,
1018 2435 1086 2474 ubi
1113 2435 1244 2489 rigida
1261 2447 1414 2476 constat
1434 2436 1543 2477 cali·-

74 2508 126 2545 go
147 2491 326 2546 inferum.
355 2492 532 2533 Eoum).
594 2489 793 2530 Hecubae
813 2491 1017 2544 Euripidis
1040 2492 1239 2539 initium,
1272 2492 1389 2545 quod
1417 2508 1541 2547 paro·

79 2548 149 2586 dia
171 2548 268 2585 risit
287 2548 575 2602 Aristophanes
597 2548 640 2585 in
662 2548 827 2600 Fragm.
853 2547 966 2600 apud
988 2548 1144 2591 Athen.
1162 2563 1201 2602 p.
1229 2555 1324 2593 112.
1347 2551 1399 2590 E.
1421 2551 1543 2590 Ennii

77 2603 317 2645 versionem
348 2603 524 2644 exhibet
555 2603 675 2645 Cicer.
710 2606 886 2642 Tuscul.
918 2605 952 2653 J,
977 2608 1043 2648 16.
1075 2605 1243 2645 Soram.
1303 2605 1389 2646 Ubi
1418 2607 1543 2646 metri

76 2659 290 2700 trochaici
312 2673 458 2701 caussa
476 2661 587 2702 Frid.
610 2662 718 2716 Aug.
751 2660 917 2718 lVoZfius
943 2658 1106 2705 edidit:
1145 2662 1311 2705 advenio
1343 2664 1392 2705 αό
1411 2661 1543 2705 Ache-

74 2727 196 2759 rante.
226 2715 386 2758 meM.
