1781 3174
240 191 341 238 446
595 198 1351 231 ADNOTA'l‘ioNrss

241 301 371 341 unica
391 307 556 339 tantum
577 296 699 336 litera
713 325 724 345 ‚
760 297 880 348 cujus
902 295 1084 349 spatium
1104 295 1301 346 vacabat,
1335 311 1387 337 ex
1407 297 1583 352 reliquis
1606 299 1698 340 edd.

243 358 488 406 adderetur,
520 352 626 406 εἰμὴ
661 352 738 405 ἄρα
770 353 953 404 ἔντιμον,
985 349 1046 393 ὅτι
1067 351 1310 407 βαρύνονται
1339 364 1418 394 etc.
1479 356 1700 396 Sententia

245 413 513 469 planissima,
547 410 629 448 nisi
653 409 802 458 fallor,
834 417 875 448 et
901 422 1098 462 perquam
1118 420 1384 462 opportuna:
1415 410 1607 465 Equidem
1626 428 1705 451 non

243 470 384 518 video„
405 467 501 524 quid
521 470 561 505 in
585 468 659 504 isto
681 480 778 504 auro
801 464 893 503 boni
910 467 1025 515 insit,
1059 468 1136 504 nisi
1141 467 1258 521 forie
1279 467 1418 507 honori
1450 483 1537 506 cum
1557 470 1707 507 existi}-

244 539 388 575 merur,
422 526 604 563 honorem
631 521 801 575 aliquem
826 522 968 576 offrre
993 521 1192 572 videatur,
1233 524 1340 577 quod
1353 524 1530 579 ferentes
1554 535 1705 577 gravet,

245 599 391 636 suoque
415 579 585 635 pondere
611 589 776 631 premat.
834 577 1068 632 Equidem,
1101 579 1136 617 si
1165 577 1264 617 libri
1294 590 1457 619 veteres
1492 579 1706 628 addicant,

246 639 359 677 nihil
386 651 473 677 esse
507 649 656 674 causae
684 634 837 684 video,
884 649 957 672 cur
985 635 1193 687 scriptura
1222 635 1372 687 proba,
1414 646 1456 674 et
1485 635 1708 675 intellectu

246 694 495 747 neutiquam
517 691 709 737 obscura,
734 689 948 744 repudiari
972 689 1131 732 debeat.
1164 691 1348 732 Hnmsr.
1408 692 1468 731 At
1489 691 1598 730 mihi
1619 692 1710 745 qui.

247 751 362 802 dem,
395 748 499 802 quid
520 748 728 800 honor-fici
752 747 796 785 in
820 761 870 785 eo
891 746 1028 786 inesse
1048 747 1206 799 possit,
1240 747 1356 801 quod
1377 748 1470 803 quis
1489 749 1582 786 auri
1603 762 1710 801 pon-

248 807 345 847 dere
362 815 596 860 prematur,
629 818 715 842 non
739 803 899 855 liquet3
930 802 1033 855 quid
1053 804 1146 841 boni
1164 802 1339 851 habeat,
1372 804 1526 843 clarius
1545 804 1711 843 intelli—

247 878 326 917 go:
377 862 439 900 sic
473 860 586 900 enim
617 862 710 899 vult
753 859 922 899 Charon
967 859 1180 899 molestias
1213 860 1361 899 talium
1391 861 1709 913 professionum

247 919 419 974 gravius
442 917 616 966 sentiri,
649 916 802 970 hisque
825 919 860 963 (‚
882 915 916 953 si
938 915 1038 952 Diis
1059 915 1250 968 placet!)
1283 931 1304 953 a
1326 916 1543 969 cupidiori
1566 930 1708 956 earum

246 974 392 1015 studio
412 973 615 1012 deterreri
635 986 758 1025 posse
781 974 992 1011 mortales.
1034 971 1187 1024 Itaque
1205 971 1314 1010 illud
1338 970 1498 1025 ἔντιμόν
1515 989 1567 1021 τι,
1592 971 1709 1026 quod

246 1041 414 1085 praeter
440 1031 502 1069 Fl.
523 1029 648 1068 etiam
671 1028 806 1068 codex
825 1028 944 1066 Gorl.
962 1027 1112 1077 habet,
1144 1038 1388 1081 corruptum
1416 1029 1645 1068 manifesto
1665 1037 1710 1066 et

249 1098 388 1127 ortum
414 1101 468 1125 ex
487 1100 535 1125 ea
561 1085 767 1136 lectione,
801 1098 922 1137 quam
953 1083 1038 1122 duo
1057 1084 1212 1124 Pariss.
1239 1084 1467 1136 exhibent,
1500 1086 1542 1125 ἕν
1568 1102 1605 1125 τι.
1631 1083 1711 1136 μό-

247 1162 340 1195 νον,
382 1142 454 1186 ὅτι.
512 1143 669 1180 Verum
703 1156 832 1195 quum
859 1145 978 1181 τοῦτο
1005 1137 1155 1192 μόνον,
1190 1138 1272 1191 ὅτι,
1306 1142 1461 1180 omisso
1495 1140 1545 1179 ab
1577 1140 1707 1179 initio

242 1204 302 1251 ἓν,
334 1201 379 1239 in
402 1198 597 1238 omnibus
617 1198 796 1237 vetustis
816 1195 926 1236 Edd.
949 1200 1138 1250 legatur,
1171 1206 1346 1250 excepta
1367 1201 1456 1237 sola
1472 1199 1537 1236 Fl.
1560 1211 1709 1249 quum-

249 1273 330 1313 que
351 1257 477 1296 etiam
501 1254 636 1294 codex
656 1259 798 1304 1428.,
830 1252 874 1290 id
906 1252 1020 1305 quod
1043 1268 1066 1292 e
1086 1252 1219 1291 Belini
1236 1262 1347 1292 certe
1367 1254 1541 1293 silentio
1565 1252 1711 1307 colligi

247 1328 373 1368 posse
406 1322 534 1365 puto,
583 1310 755 1349 eandem
789 1312 1003 1362 vulgarem
1035 1309 1263 1348 lectionem
1300 1309 1454 1349 habere
1488 1309 1711 1349 videatur:

249 1367 494 1409 conciliatis
518 1368 632 1405 inter
652 1381 693 1406 se
724 1366 791 1404 his
816 1364 975 1403 duabus
996 1363 1281 1415 lectionibus,
1313 1366 1626 1405 rescribendum
1651 1379 1713 1402 ar-

247 1426 403 1474 bitror,
432 1427 478 1465 ἱὲν
503 1428 624 1465 τοῦτο
650 1420 799 1476 μόνον,
833 1419 892 1463 ὅτι
919 1430 997 1459 etc.
1046 1421 1180 1461 Diall.
1207 1422 1361 1461 Mortt.
1384 1422 1494 1470 XII,
1517 1427 1554 1464 2.
1577 1424 1622 1463 ’ὲν
1643 1422 1713 1473 μὲν

246 1488 364 1524 τοῦτο
399 1478 584 1532 ὠνάμην,
618 1477 689 1521 ὅτι.
749 1477 862 1518 Ibid.
886 1478 1024 1527 XXV,
1049 1483 1086 1520 1.
1114 1479 1159 1518 ἓν
1185 1477 1255 1529 μὲν
1277 1476 1355 1531 ἤδη
1377 1476 1485 1519 τοῦτ’
1507 1480 1602 1531 ἔχω,
1637 1475 1711 1519 ὅτι.

249 1548 291 1579 et
309 1537 423 1592 quod
442 1537 494 1576 ad
510 1539 556 1577 ἓν
579 1535 706 1588 μόνον
731 1535 906 1585 attinet,
939 1534 1074 1587 Hipp.
1091 1539 1129 1577 3.
1161 1532 1214 1582 ὥς
1231 1536 1275 1574 ἓν
1295 1532 1389 1576 αὐτὸ
1411 1532 1538 1587 μόνον
1558 1532 1712 1576 ἐπιστά-

247 1612 389 1646 μενος,
424 1603 466 1632 et
491 1594 670 1632 Icarom.
696 1607 729 1631 c.
749 1596 789 1634 9.
822 1591 881 1632 ἓνὶ
902 1587 1009 1647 μόνῳ
1040 1588 1112 1642 τὴν
1128 1595 1206 1631 τῶν
1236 1588 1337 1637 ὅλων
1359 1588 1483 1644 ἆρχὴν
1502 1588 1711 1641 ἐπένεμον.

247 1652 489 1703 Utrumque
516 1659 655 1687 autem
687 1651 962 1700 conjunctum
987 1646 1096 1686 Adv.
1129 1645 1299 1687 Indoct.
1322 1662 1354 1688 ο.
1377 1653 1418 1691 4.
1437 1648 1496 1685 in.
1527 1645 1628 1689 Ἀλλ’
1655 1649 1714 1689 ἑνὶ

245 1706 375 1762 τούτῳ
394 1705 502 1761 μόνῳ
520 1702 650 1746 πάντα
669 1707 798 1747 ἐκεῖνα
817 1699 1138 1756 ἀναδραμεῖσθαι
1158 1706 1236 1743 νῦν
1260 1705 1433 1752 ἐλπίζεις.
1464 1712 1506 1743 et
1527 1703 1712 1743 Pseudo-

246 1767 330 1818 log.
351 1779 384 1802 c.
406 1769 444 1807 6.
467 1765 511 1804 ἓν
531 1768 650 1803 τοῦτο
672 1761 798 1813 μόνον
815 1761 930 1812 ἔργον
953 1761 1108 1812 ἔχοντες
1125 1768 1204 1798 etc.
1238 1760 1294 1799 es.
1318 1759 1420 1797 ibid.
1442 1775 1478 1800 c.
1503 1765 1568 1804 13.
1612 1760 1710 1803 Vid,

248 1820 424 1860 omnino
447 1820 607 1874 egregii
628 1817 831 1873 Sclraeferi
851 1817 1110 1856 NIeletemm.
1130 1829 1172 1868 p.
1195 1819 1260 1858 19.
1304 1816 1462 1856 me.

357 1932 459 1974 Ead.
483 1936 510 1971 1.
532 1937 572 1976 8.
601 1929 827 1984 Ἐκλέγων)
858 1929 972 1968 Usus
996 1938 1058 1968 est
1079 1927 1207 1967 verbo
1236 1929 1412 1982 proprio
1439 1929 1482 1967 in
1506 1928 1708 1983 cogendis

244 1989 586 2045 colligendisque
618 1986 899 2040 vectigalibus
929 1995 971 2025 et
991 1984 1296 2038 pensionibus:
1330 1999 1459 2037 quare
1490 1984 1541 2023 de
1561 1984 1709 2037 pub1i-

243 2049 360 2087 canis
385 2056 446 2085 est
469 2046 668 2099 frequens
689 2044 859 2097 ἐκλέγειν
879 2040 1035 2096 φόρους
1057 2044 1125 2080 vel
1148 2042 1268 2089 τέλος.
1326 2041 1429 2081 Poll.
1451 2041 1580 2092 VIII,
1607 2046 1702 2084 114,

240 2105 320 2153 IX,
335 2109 402 2148 31.
435 2102 679 2155 Harpocran
701 2099 744 2136 in
769 2096 1042 2150 Πεντηκοστή.
1076 2098 1264 2137 Aesclzin.
1286 2098 1330 2135 in
1345 2097 1560 2136 Timarch.
1581 2111 1621 2150 p.
1641 2103 1705 2141 17.

242 2175 282 2200 V.
308 2167 345 2204 3.
372 2161 595 2212 μαρτυρίαν
626 2154 802 2197 τελώνου
825 2156 897 2196 τοῦ
919 2155 1027 2209 παρὰ
1057 2152 1256 2207 Τιμάρχου
1278 2159 1394 2195 τοῦτο
1415 2154 1642 2202 ἐκλέξαντος
1662 2152 1706 2195 τὸ

239 2218 361 2264 τέλος.
422 2217 641 2255 structura
663 2212 801 2250 minus
824 2213 980 2249 usitata
1001 2209 1191 2249 fraudem
1217 2211 1439 2262 interpreti
1464 2210 1568 2247 fecit
1590 2209 1703 2262 apud

240 2273 444 2313 Plutarch.
471 2272 562 2322 περὶ
581 2274 765 2323 Πολυπρ.
790 2282 832 2322 Ρ.
856 2273 951 2312 518.
977 2268 1025 2308 Ε.
1057 2263 1152 2313 τοὺς
1176 2264 1346 2314 τελώνας
1363 2263 1624 2319 βαρυνόμεθα
1647 2288 1704 2296 --

241 2325 313 2380 οὐχ
337 2327 431 2369 ὅταν
460 2326 506 2368 τε)
528 2329 689 2380 ἐμφανῆ
711 2330 789 2366 τῶν
823 2327 1084 2379 εἰςαγομένων
1107 2323 1334 2375 ἐκλέγωσιν’
1361 2321 1586 2374 publicanis
1606 2339 1674 2361 suc
1690 2346 1705 2352 -

240 2401 453 2434 censemus,
489 2399 563 2422 non
596 2381 754 2437 quando
771 2381 943 2434 vectigal
960 2396 1112 2427 eorum,
1146 2394 1245 2432 quae
1270 2378 1407 2431 palum
1426 2381 1699 2431 importantur,

239 2444 415 2493 exigunt.
475 2441 591 2478 Hinc
618 2441 789 2493 ἐκλογεΐς
819 2452 904 2476 non
932 2440 1064 2475 solum
1092 2434 1204 2487 apud
1232 2433 1511 2473 Athenienses
1536 2437 1578 2475 οἱ
1595 2436 1700 2475 ἐκλέ-

237 2514 374 2551 γοντες
400 2498 466 2537 καὶ
498 2495 789 2547 εἰςπράττοντες
813 2491 860 2534 τὰ
895 2490 1134 2546 ὀφειλόμενα
1157 2495 1213 2544 τῷ
1231 2493 1427 2545 δημοσίῳ,
1459 2500 1508 2528 ut
1527 2491 1701 2543 ΗαιῬο-

240 2556 393 2592 ermion
419 2554 499 2602 ait,
534 2565 774 2604 quanquam
795 2550 1034 2588 accuratius
1055 2563 1075 2586 a
1101 2546 1226 2586 suida
1249 2546 1404 2598 duplex
1428 2561 1570 2585 eorum
1593 2546 1696 2585 ordo

241 2608 552 2662 distinguatur,
593 2607 664 2644 sed
695 2605 797 2645 alibi
824 2620 994 2659 quoque
1023 2604 1131 2642 noti.
1204 2602 1402 2641 Aristides
1434 2603 1483 2641 de
1510 2616 1552 2642 se
1582 2604 1629 2640 T.
1661 2603 1695 2641 I.

240 2680 283 2718 p.
308 2670 403 2709 611.
424 2665 468 2702 Β.
501 2661 656 2719 ᾑρέθην
687 2662 887 2715 ἐκλογεῦς·
920 2672 961 2701 et
986 2660 1142 2713 Capito
1168 2658 1308 2712 φόρων
1338 2656 1522 2713 ἔκλογεῦς
1540 2657 1699 2697 Philoni

241 2727 320 2778 Πρ.
341 2719 443 2781 πρὸς
463 2723 507 2760 Γ.
532 2734 574 2772 p.
601 2722 722 2761 1020.
743 2719 794 2759 E.
819 2718 892 2772 qui
914 2726 1060 2770 postea
1082 2715 1131 2754 de
1152 2713 1298 2754 eodem
1322 2714 1493 2754 homine
1514 2714 1694 2767 rapacis—
