1781 3174
464 211 543 244 AN
617 209 1110 240 CHARONum.
1420 192 1520 239 445

54 321 244 363 „maneat
265 311 413 364 optima
435 306 538 346 haec
561 306 692 345 lectio
709 304 730 344 ‘1'
772 315 848 344 aut
873 305 947 360 qui
971 302 1222 358 explicanda
1241 303 1329 343 sit?
1360 304 1519 343 Postu-

53 372 173 419 „lare
204 367 317 406 enim
343 378 485 404 sensus
515 362 686 402 videtur
715 379 758 404 το
778 379 913 416 χρημα
934 373 1005 412 ut,
1036 378 1167 414 χρῆμα
1194 378 1373 411 νυκτων,
1407 362 1518 400 Ari——

52 423 211 477 ,‚stoplz.
235 422 347 461 Nub.
372 426 463 464 v.2.
481 429 556 458 aut
575 422 658 457 tale
680 418 798 474 quid.
832 417 904 458 sed
929 419 987 465 is,
1022 418 1094 471 qui
1116 420 1259 470 paullo
1282 427 1379 456 ante
1403 420 1516 455 mul-

52 481 141 530 „tis
167 480 364 518 Veterum
382 477 513 525 locis,
544 491 682 514 aurum
710 480 912 529 χλωρον
941 473 1004 513 vel
1028 474 1227 527 pallidum
1246 490 1323 513 esse
1343 473 1515 512 demon-

51 538 312 585 „straveren
345 533 442 573 heic
466 531 641 571 verbum
674 546 763 570 non
797 531 1000 584 amplius!
1034 554 1088 560 --
1121 532 1179 569 Et
1205 544 1353 571 nossco
1387 547 1516 582 ονομα

50 591 338 641 „retinemus‚
371 598 413 629 et
445 589 773 640 interpretamur
798 587 871 626 ita.
931 587 1071 627 Servit
1097 586 1180 625 hoc
1212 586 1388 625 verbum
1417 585 1515 625 heic

49 659 342 700 ,,περιφρασει,
374 655 416 685 et
437 645 604 683 locutio
625 647 753 698 plena
774 642 879 683 haec
900 654 985 683 estz
1017 660 1060 684 το
1082 647 1266 695 αοιδιμον
1294 659 1423 694 ονομα
1439 659 1514 684 του

49 716 235 756 ,,χρυσου
257 719 326 743 και
349 716 631 756 περιμαχήτου.
688 705 829 752 Ονομα
859 716 932 742 του
955 715 1106 753 χρυσον
1134 700 1278 752 itaque
1302 698 1413 738 idem
1434 708 1512 749 est,

49 758 199 813 „quod
217 772 380 811 χρυσος.
422 759 492 796 Ex
514 755 688 796 Graecis
709 757 895 795 occurrit
917 760 999 809 jam
1017 773 1060 797 το
1083 773 1209 808 ονομα
1225 771 1294 808 της
1315 758 1514 806 domnas»,

49 814 196 868 „apud
215 815 352 870 Polyb.
378 815 426 856 L.
451 819 492 856 9.
516 828 551 854 c.
574 819 640 857 23.
673 813 930 852 Latinorum
956 826 1126 866 quoque
1150 826 1287 851 nomen
1306 811 1370 851 sio
1394 826 1516 850 usur-

47 871 174 924 „pari
204 871 491 912 meminimus.
551 868 748 908 Drakenb.
781 868 832 907 ad
866 869 939 909 Sil.
971 868 1063 907 Ital.
1094 883 1147 907 ex
1177 868 1357 907 Petronio
1393 867 1516 907 affert

48 944 219 977 „nomen
247 929 468 975 amicitiae,
504 925 619 979 quod
650 935 691 964 et
721 924 836 964 Ouid.
871 925 1018 975 habet,
1051 940 1102 963 ex
1121 925 1245 966 Pont.
1277 925 1417 977 Epist.
1450 925 1512 970 II,

46 990 121 1033 ‚‚3‚
145 988 213 1027 29.
238 994 301 1027 et,
322 986 475 1037 imperii
494 982 658 1021 deserto
681 984 836 1020 nomine
855 982 983 1035 fugit.
1018 980 1091 1018 ubi
1115 980 1200 1020 vid.
1225 996 1341 1030 eum,
1362 984 1513 1033 p.255.

44 1041 170 1090 ,‚Cfr.
197 1040 386 1079 Veclmer.
409 1041 623 1078 Hellenol.
645 1052 687 1090 p.
704 1041 800 1081 520.
824 1037 893 1079 ed..
910 1039 976 1076 M.
1000 1039 1246 1091 Heusing.⁴‘
1305 1037 1407 1075 Non
1428 1052 1515 1075 ma-

44 1097 109 1150 gis
131 1095 171 1135 h.
193 1099 221 1135 1.
245 1110 390 1135 sensus
420 1098 608 1148 postulat
635 1099 789 1147 χρῆμα,
822 1109 947 1147 quam
968 1095 1013 1132 in
1036 1094 1164 1132 Rhet.
1188 1094 1330 1132 Praec.
1353 1093 1412 1133 in.
1437 1093 1515 1132 ubi

47 1167 98 1194 σο
113 1169 142 1204 φ
156 1151 319 1204 ιστὴς,
353 1150 595 1205 σεμνότατον
617 1153 684 1192 καὶ
706 1148 917 1203 πάνδημον
936 1155 1031 1199 (aut
1053 1148 1270 1202 πάντιμον)
1292 1147 1420 1202 ὄνομα
1439 1149 1516 1187 di-

45 1209 170 1257 citur,
203 1208 255 1247 ad
274 1207 448 1248 eandem
473 1207 643 1261 quidem
662 1207 873 1258 loquendi
900 1221 1102 1255 normam,
1135 1204 1366 1244 secundum
1391 1220 1516 1260 quam

44 1266 87 1305 h.
119 1268 146 1306 l.
180 1279 326 1303 aurum
359 1264 627 1317 significatur
658 1263 802 1302 eadem
831 1277 951 1302 voce.
1013 1263 1186 1301 Scilicet
1214 1259 1364 1314 ὄνομα,
1398 1261 1515 1315 quod

43 1323 221 1360 omnino
247 1324 312 1359 vel
337 1336 475 1359 nomen
506 1319 705 1368 denotat,
739 1334 822 1373 quo
847 1319 988 1371 aliqua
1020 1333 1199 1371 persona
1236 1318 1286 1356 ab
1308 1318 1404 1356 aliis
1431 1316 1515 1356 dis-

45 1377 254 1428 cernitur,
287 1380 355 1416 vel
376 1375 629 1423 vocabulum,
665 1389 750 1428 quo
770 1390 832 1415 res
855 1376 1114 1428 insignitur,
1140 1377 1208 1413 vel
1227 1374 1405 1424 titulum,
1428 1389 1512 1428 quo

45 1443 221 1472 ornatur
257 1433 437 1485 aliquis,
476 1435 545 1471 vel
573 1432 750 1486 aliquid,
800 1432 840 1472 h.
871 1435 899 1470 1.
936 1431 1048 1469 nihil
1081 1430 1197 1469 aliud
1227 1445 1317 1470 esse
1354 1440 1512 1484 potest,

45 1503 170 1543 quam
192 1488 425 1528 vocabulum
446 1491 546 1537 auri,
571 1503 695 1541 quam
715 1488 903 1527 omnium
930 1502 1002 1527 ore
1021 1488 1284 1537 celebratam,
1302 1487 1514 1526 omnium-

46 1559 129 1599 que
160 1545 316 1583 studiis
345 1546 579 1596 expetitam
604 1545 849 1584 Mercurius
881 1544 987 1582 dicit
1015 1559 1186 1593 vocem,
1220 1544 1280 1581 ita
1310 1558 1436 1595 sane,
1463 1552 1514 1582 ut

43 1616 130 1640 non
153 1615 282 1640 sonus
308 1602 427 1641 vocis
447 1602 553 1654 ipse,
584 1601 656 1640 sed
679 1616 758 1650 res,
793 1615 917 1654 quam
939 1602 1010 1639 ille
1033 1615 1162 1639 sonus
1182 1600 1414 1653 significat,
1448 1599 1515 1637 in·

43 1658 273 1712 telligenda
296 1658 364 1696 sit.
426 1658 580 1711 Neque
605 1669 744 1697 tamen
767 1657 828 1697 sic
855 1658 1112 1711 periphrasis,
1147 1671 1269 1709 quam
1295 1655 1514 1711 Scyboldus

44 1714 210 1765 voluit,
240 1714 488 1754 statuenda:
521 1729 615 1752 nam
646 1714 773 1766 ὄνομα
793 1719 946 1766 χρυσοῦ
972 1728 1045 1765 per
1076 1727 1118 1751 se
1140 1711 1255 1750 aliud
1275 1723 1361 1758 est,
1396 1710 1515 1750 aliud

40 1769 209 1824 χρυσὸς,
244 1770 594 1824 quemadmodum
629 1780 670 1808 et
699 1769 886 1824 Seyboldi
910 1769 1018 1808 haud
1041 1767 1212 1821 ignobile
1241 1784 1377 1807 nomen
1399 1766 1516 1806 aliud

44 1830 152 1875 vult,
182 1827 296 1864 aliud
320 1826 538 1880 Seybolclus
556 1825 664 1864 Ιῑαιιιῖ
682 1825 880 1877 ignobilis.
912 1826 1065 1877 Neque
1089 1825 1213 1864 etiam
1231 1826 1391 1876 poetica
1411 1823 1517 1863 haec

44 1881 219 1920 dicendi
245 1882 381 1920 forma
404 1897 497 1919 cum
521 1882 671 1921 Solano
691 1882 883 1920 habenda
909 1892 985 1930 est,
1006 1895 1135 1934 quum
1157 1894 1307 1933 prosae
1331 1882 1517 1919 cuicun-

45 1952 152 1991 que,
202 1936 330 1976 modo
362 1938 530 1976 elatiori
559 1939 623 1976 illi
659 1941 768 1976 ultra
797 1940 1010 1991 vulgarem
1046 1951 1302 1987 sermonem,
1351 1937 1515 1988 optime

44 1994 288 2033 conveniat.
351 1994 428 2032 Vel
447 2008 556 2032 unus
588 1995 661 2032 ille
681 1997 800 2032 locus
822 1993 952 2034 Rhet.
976 1994 1118 2032 Fra-ee.
1141 2007 1268 2044 supra
1298 1992 1513 2038 laudatus,

45 2050 117 2089 cui
147 2053 268 2103 plura
299 2049 345 2087 in
377 2049 527 2089 Indice
557 2050 837 2103 adjicientur,
870 2064 902 2091 e.
927 2065 964 2104 g.
986 2049 1152 2088 Phalar.
1174 2050 1218 2098 I,
1238 2054 1303 2100 7.‚
1337 2049 1381 2087 id
1411 2049 1513 2087 satis

44 2109 154 2145 clare
179 2105 386 2147 docuerit.
447 2107 650 2160 Denique
674 2121 761 2145 vox
782 2104 965 2160 ἆοίδιμος
983 2105 1182 2158 scriptori
1204 2116 1349 2144 nostro
1375 2105 1419 2142 in
1445 2104 1514 2144 de-

42 2162 155 2201 liciis
182 2162 280 2200 fuit.
343 2163 413 2201 Sic
435 2161 486 2201 de
506 2163 686 2201 fulmine
707 2163 830 2203 Jovis
854 2163 1027 2203 Timon.
1051 2176 1085 2200 c.
1105 2167 1143 2205 1.
1164 2156 1349 2214 (Ξοίδιμον
1373 2159 1512 2211 ὅπλον,

45 2218 95 2256 de
117 2219 298 2256 Timone
320 2218 412 2272 ipso
440 2217 543 2258 ibid.
570 2233 602 2256 c.
628 2224 695 2262 38.
721 2221 999 2272 περίβλεπτος,
1032 2220 1099 2259 καὶ
1118 2216 1324 2270 ἀοίδιμος,
1354 2220 1421 2259 καὶ
1442 2234 1516 2259 πε·-

43 2273 359 2328 ρισπούὸαστος,
393 2275 443 2314 de
466 2274 654 2328 Delphis
676 2274 906 2314 Alexandr.
934 2290 968 2313 c.
993 2281 1032 2317 8.
1055 2289 1089 2314 e.
1116 2289 1152 2313 a.
1213 2277 1369 2314 LEHM.

158 2388 257 2441 Pag·
279 2393 345 2432 51.
368 2391 397 2431 l.
422 2393 458 2430 1.
497 2392 618 2428 Τοῦτο
637 2386 764 2439 μόνον
785 2386 870 2434 ὅτι)
901 2387 1109 2426 Dilucide
1134 2387 1382 2426 Florentina
1407 2391 1511 2437 sola,

45 2444 201 2495 ἔντιμον
224 2458 282 2483 τι·
318 2454 478 2484 ceterae
504 2458 647 2482 omnes
678 2444 799 2497 quasi
823 2443 873 2482 de
895 2454 1116 2496 compacto
1139 2448 1255 2485 τοῦτο
1288 2442 1414 2495 μόνον
1439 2444 1513 2494 ὅτι,

44 2499 158 2554 quod
190 2514 211 2538 e
239 2501 490 2538 membranis
525 2499 722 2546 fluxerit,
766 2514 922 2549 necne,
968 2500 1073 2538 mihi
1110 2514 1211 2538 sane
1242 2515 1327 2538 non
1361 2502 1513 2555 liquet.

43 2556 229 2593 Primum
256 2555 520 2606 dubitabam,
556 2571 606 2594 an
643 2555 753 2596 idem
774 2571 921 2595 sensus
944 2571 1075 2608 aeque
1100 2560 1314 2610 eleganter
1336 2558 1513 2595 minima

43 2611 245 2650 lectionis
269 2612 542 2652 Florentinae
565 2613 802 2652 mutatione
827 2622 972 2663 posset
994 2613 1179 2651 obtmmi
1195 2644 1205 2661 ‚
1243 2615 1279 2653 εἰ
1293 2611 1347 2666 μὴ
1370 2611 1448 2666 ἄρα
1471 2615 1514 2654 ἓν

42 2685 79 2708 τι
102 2666 250 2720 μόνον,
285 2665 345 2708 ὅτι
374 2668 618 2722 βαρύνονται
638 2679 716 2710 etc.
778 2669 952 2707 Deinde
978 2683 1061 2707 non
1092 2667 1268 2708 difficile
1287 2669 1516 2709 videbatur

46 2724 176 2776 ipsam
216 2725 330 2762 illam
360 2726 587 2765 lectionem
619 2725 730 2764 tueri
760 2735 801 2764 et
835 2725 1041 2778 integram
1073 2739 1342 2776 conservare,
1385 2725 1513 2764 modo
