1781 3174
513 202 582 231 ix
655 201 1142 235 PISCATOREM.
1451 196 1547 240 541

90 313 132 344 et
155 301 382 358 legendum
414 300 488 339 hic
520 297 743 348 distincte,
772 299 839 341 καὶ
860 298 1052 352 Πλάτων,
1084 300 1159 356 ἐγώ
1182 311 1260 342 etc.
1320 303 1400 344 Sed
1435 319 1551 344 nunc

88 364 229 413 placet
256 363 452 413 vulgata,
493 357 561 397 καὶ
595 351 766 396 Πλάτων
799 355 888 410 ἐγώ.
957 359 1141 397 Socratis
1176 374 1330 399 nomen
1361 376 1413 400 ex
1439 363 1547 402 Mss.

88 418 190 455 solis
212 416 286 454 ubi
309 412 599 467 reponendum
621 411 699 461 sit,
734 411 904 451 definiri
926 423 1092 466 potest;
1127 429 1262 470 neque
1285 417 1395 455 enim
1417 432 1437 456 a
1458 420 1550 456 Pla-

87 483 190 512 tone
228 472 493 510 commissum
524 477 656 521 pute,
706 477 755 506 ut
793 469 983 521 magistri
1026 485 1181 509 nomen
1215 473 1417 515 omiserit,
1477 476 1550 514 De

85 528 345 582 Empedocle
382 527 418 564 si
448 525 543 578 quis
577 533 764 577 regerat,
814 524 949 565 habeo
988 527 1102 580 quod
1145 543 1370 580 reponam,
1411 545 1549 585 nequo

88 587 199 624 enim
220 584 417 636 princeps
436 581 565 619 ullius
589 582 736 620 Sectae
757 581 865 620 fuit:
897 582 1010 621 unde
1030 584 1209 630 factum,
1239 594 1286 622 ut
1304 585 1374 624 hic
1394 587 1438 624 in
1459 591 1550 640 ple-

86 642 138 680 be
151 639 508 694 philosophorum
520 638 645 675 facile
666 635 999 685 delitescat,non
1012 640 1264 679 excitandus
1277 643 1467 693 omnino,
1483 645 1550 681 ni-

86 699 123 736 si
147 695 321 735 ridiculi
345 709 482 739 causa,
505 695 849 747 propterAetnae
871 705 1066 735 crateres.
1101 698 1271 737 SOLAN.
1332 701 1441 752 Apte
1454 700 1549 755 Sey-

84 753 245 792 holdas:
278 775 330 781 —
360 751 502 801 „Non
540 748 887 789 animadvertisse
916 751 1089 791 videtur
1107 753 1186 791 Vir
1211 755 1380 793 Doctus
1412 755 1462 794 ad
1487 755 1547 807 τὸ,

82 812 150 851 καὶ
175 808 345 857 ἅπαντες
359 841 370 858 ,
403 805 578 854 ὁπόσους
597 808 773 860 διέσυρες
794 808 836 848 ἐν
855 813 940 856 τοῖς
960 806 1107 862 λόγοις.
1146 810 1404 851 Nominavit
1424 814 1546 853 Plato

82 867 217 905 obvios
238 879 443 918 quosque,
470 863 657 916 reliquos
680 866 966 915 complectens
988 865 1064 903 sub
1083 872 1165 915 τοῖς
1188 865 1325 908 ἅπασι.
1343 872 1371 890 “
1416 869 1547 923 Quod.

82 924 217 977 igitur
237 921 429 975 magistri
454 920 522 958 sui
553 922 710 957 nullam
731 919 854 958 Plato
885 921 1145 961 mentionem
1179 924 1306 971 facit,
1337 924 1382 963 id
1405 939 1547 979 neque

80 979 217 1032 ipsius
240 977 452 1030 impietati
484 990 560 1014 nec
591 975 779 1014 Luciani
802 976 1136 1031 incogitantiae,
1170 993 1247 1018 nec
1273 994 1375 1020 vero
1406 982 1547 1020 libra-

78 1037 238 1074 riorum
271 1031 582 1088 negligentiae,
632 1030 705 1070 sed
738 1031 865 1070 unice
895 1033 1013 1071 casui
1045 1034 1215 1074 videtur
1244 1037 1542 1086 tribuendum,

80 1093 156 1146 qui
176 1093 390 1131 Socratem
413 1090 524 1127 forte
544 1088 718 1142 longius
743 1090 993 1129 removisset
1022 1105 1044 1128 a
1076 1092 1268 1130 Platonis
1297 1105 1544 1147 conspectu.

79 1151 298 1195 Δεικτικῶς
321 1155 458 1185 autem
481 1145 584 1183 haec
606 1145 747 1183 omnia
769 1146 1065 1198 pronuntiari,
1097 1162 1149 1187 ex
1169 1149 1271 1200 ipsis
1305 1151 1444 1189 verbis
1465 1165 1546 1202 pa-

77 1214 154 1244 tet·
214 1201 341 1242 Unde
365 1202 492 1241 etiam
512 1201 682 1242 ἐκεινοσὶ
706 1210 818 1240 recte
851 1203 1072 1253 scribitur,
1105 1203 1210 1244 duce
1236 1205 1398 1245 Codice
1417 1213 1542 1251 3011.

80 1259 248 1316 Quodsi
267 1269 406 1297 tamen
428 1257 496 1296 cui
523 1271 662 1295 casum
686 1255 814 1295 istum
835 1259 1061 1299 statuendo
1093 1275 1182 1299 non
1216 1275 1387 1313 prorsus
1415 1264 1545 1302 satis-

77 1320 245 1365 fecero,
277 1325 321 1353 et
340 1312 642 1352 desideraverit
663 1314 808 1365 potius
839 1315 1064 1354 curiositas
1085 1318 1172 1364 ejus
1205 1318 1430 1357 consilium
1459 1320 1545 1358 ali-

78 1372 195 1426 quod
227 1372 425 1419 Luciani,
467 1368 585 1423 quod
615 1368 786 1422 quidem
820 1380 990 1409 secutus
1022 1372 1127 1411 haec
1157 1374 1240 1423 ita,
1283 1389 1362 1413 nec
1393 1376 1541 1427 aliter,

76 1428 370 1469 adornaverit:
400 1441 475 1480 per
510 1439 575 1464 me
606 1424 778 1477 quidem
806 1426 889 1465 hoc
916 1426 1012 1478 fiat,
1050 1438 1091 1467 et
1121 1443 1340 1483 suggeram
1371 1446 1544 1485 quoque

75 1487 276 1537 insuper,
309 1483 525 1521 Socratem
556 1491 598 1519 et
617 1480 917 1534 Epimenidem
949 1498 971 1521 a
991 1485 1172 1524 Platone
1202 1487 1314 1525 forte
1334 1487 1430 1527 ideo
1453 1503 1543 1529 non

72 1541 328 1581 nominatim
347 1537 634 1584 commemori,
668 1538 783 1591 quod
804 1540 887 1591 ipsi
911 1554 998 1578 non
1025 1555 1171 1593 aeque,
1205 1552 1253 1580 ut
1274 1545 1418 1595 ceteri,
1452 1560 1540 1585 sec.

74 1608 210 1638 tarum
239 1595 517 1650 peculiarium
549 1593 712 1632 fuerint
735 1595 992 1635 conditores.
1055 1598 1125 1636 Sic
1149 1609 1190 1637 et
1212 1614 1244 1640 c.
1270 1605 1308 1643 8.
1341 1615 1440 1652 prae
1461 1616 1540 1641 ce-

70 1654 173 1694 teris
193 1653 470 1692 nominantur
488 1651 536 1689 ab
561 1660 732 1690 auctore
754 1652 891 1700 Plato,
914 1652 1182 1706 Chrysippus
1205 1665 1247 1692 et
1267 1657 1537 1707 Aristoteles,

69 1710 224 1764 reliqui
242 1723 329 1747 uno
355 1707 482 1747 verbo
506 1705 946 1758 comprehenduntur,
978 1724 1063 1748 non
1091 1725 1174 1763 quo
1203 1714 1538 1763 praestantiores

71 1765 169 1806 illos
190 1766 370 1818 reliquis
390 1762 607 1801 habendos
631 1763 864 1813 censuerit,
897 1764 968 1803 sed
995 1766 1112 1818 quod
1144 1766 1190 1804 hi
1222 1782 1363 1806 earum
1391 1780 1538 1809 secta-

68 1838 160 1861 rum
186 1821 401 1874 principes
423 1820 615 1867 fuerant,
649 1832 755 1871 quae
775 1820 949 1859 Luciani
970 1831 1106 1861 aetate
1137 1824 1318 1864 maxime
1345 1827 1538 1865 omnium

68 1875 302 1922 florebant,
335 1875 635 1922 Academicae‚
668 1875 838 1914 Stoicae
873 1887 914 1915 et
943 1878 1272 1931 Peripateticae,
1313 1895 1415 1934 quas
1444 1883 1539 1937 qui..

69 1934 161 1974 dem
185 1935 300 1987 ipsas
321 1932 473 1970 acriter
494 1931 745 1985 impugnare
767 1931 850 1985 ipsi
871 1934 1141 1986 propositum
1163 1936 1264 1978 fuit.
1306 1939 1464 1979 Leuni.

180 2022 284 2062 Eacl.
307 2026 335 2062 1.
361 2027 399 2066 8.
444 2021 547 2075 Περὶ
575 2017 712 2072 ὑμᾶς)
752 2022 868 2075 Lege
895 2037 989 2062 meo
1028 2025 1242 2076 periculo,
1285 2026 1387 2081 πρὸς
1415 2025 1536 2080 ὑμᾶς,

67 2079 168 2120 Vid.
190 2089 280 2118 not.
303 2077 355 2117 ad
374 2078 544 2116 Timon.
568 2091 601 2116 e.
624 2082 662 2120 6.
726 2077 992 2132 Quamquam
1014 2081 1126 2133 apud
1159 2083 1456 2137 A'enoplzoniem
1474 2088 1536 2124 le-

67 2147 191 2191 gatur
213 2137 301 2188 περὶ
322 2136 387 2187 ἐμὲ
408 2133 566 2181 ἄδικος,
600 2137 693 2177 154.
711 2138 750 2176 7.
785 2136 947 2174 SOLAN.
1011 2137 1279 2177 certissimus
1304 2151 1367 2180 est
1389 2156 1435 2180 ac
1457 2156 1536 2180 no-

66 2193 255 2231 tissimus
278 2191 350 2229 hic
379 2189 718 2242 Praepositionis
749 2193 843 2243 περὶ
870 2207 996 2241 usus,
1030 2209 1150 2247 quem
1174 2198 1237 2233 vel
1262 2211 1313 2235 ex
1340 2196 1422 2235 hoc
1443 2212 1534 2237 uno

63 2249 249 2288 Lucieno
267 2247 445 2301 probare
466 2247 596 2300 piget.
630 2246 784 2284 Verum
810 2247 906 2286 dum
926 2249 1106 2301 prodeat
1125 2249 1284 2300 Index,
1318 2252 1536 2292 sufficiant:

66 2306 225 2344 interea
251 2304 355 2343 haec
379 2303 462 2341 duo
484 2304 702 2353 exempla:
734 2304 905 2343 Timon.
928 2319 962 2345 c.
985 2310 1023 2349 8.
1057 2302 1220 2359 ἀκρισία
1241 2311 1332 2360 περὶ
1353 2309 1446 2358 τούς
1468 2312 1535 2362 φί-

66 2366 175 2409 λους.
217 2361 304 2400 Vir.
326 2361 451 2400 Auct.
472 2373 562 2411 cap.
590 2363 653 2400 17.
695 2365 827 2400 πᾶσαν
855 2359 927 2412 τήν
951 2363 1042 2416 περὶ
1065 2368 1228 2405 τοιαῦτα
1257 2369 1532 2421 μικρολογίαν.

68 2417 149 2456 Cff.
183 2430 290 2469 quae
319 2415 478 2455 ibidem
506 2426 821 2467 praecesserant
849 2417 975 2455 verba
1008 2417 1101 2467 τούς
1129 2422 1221 2474 περὶ
1254 2426 1428 2476 μοιχείας
1455 2420 1533 2465 νό-

66 2489 192 2526 μους,
234 2472 380 2527 ibique
409 2473 453 2510 in
488 2473 606 2510 Varr.
639 2470 780 2511 Lectt.
810 2474 982 2514 monita.
1044 2474 1180 2529 Quam
1215 2476 1329 2518 dicat
1357 2478 1532 2520 Solanus

66 2539 211 2568 notam
231 2542 347 2567 suam
370 2528 420 2567 ad
440 2529 547 2569 Tim.
573 2541 605 2568 e.
633 2532 670 2571 6.
706 2527 872 2581 ignoro.
904 2530 1061 2571 Lnimr.

178 2607 279 2648 Eacl.
300 2611 327 2646 l.
348 2613 411 2651 13.
444 2604 603 2648 Λάϊνον
624 2607 738 2654 ἕσσο)
770 2607 893 2649 Iliad.
918 2609 999 2648 III.
1020 2625 1056 2648 v.
1079 2611 1146 2654 57.
1178 2613 1354 2654 Bonan.
1416 2616 1530 2654 Ean·

67 2663 158 2704 dem
177 2663 330 2702 Iliadis
350 2664 457 2704 Sect.
482 2667 563 2718 jam
587 2663 852 2703 indicaverat
883 2665 1087 2706 Brotlaeus
1113 2669 1239 2711 Misc,
1268 2686 1310 2725 p.
1334 2676 1375 2716 2.
1400 2686 1434 2712 c.
1459 2678 1528 2718 22,

65 2721 137 2761 sed
159 2721 330 2772 omisso,
353 2731 401 2760 ut
420 2735 596 2775 semper,
627 2734 824 2760 versuum
848 2736 1037 2763 numero.
1083 2724 1250 2767 Rmrz.
