1781 3174
389 220 453 252 ιΝ
521 218 801 252 vr'rARUM
870 219 1238 256 AuerroNEM.
1446 213 1544 264 529

82 323 251 362 SoLAN.
313 320 522 371 Γνίφωνα,
550 333 739 371 parcum,
777 316 908 372 Guyet.
969 318 1052 359 Sed
1071 323 1220 361 vellem
1244 326 1543 366 auctoritatem

82 379 334 424 indicasset,
367 390 454 415 non
485 376 594 413 enim
620 374 797 413 invenio
829 389 1028 428 usquam:
1061 391 1188 431 quare
1216 379 1364 421 Solane
1388 383 1544 423 adsen-

80 436 188 484 tior,
224 447 377 473 nomen
411 431 630 484 proprium
651 430 751 469 inde
772 431 965 472 facienti.
1027 433 1182 473 Verum
1209 437 1244 473 si
1268 453 1430 478 avarum
1451 450 1542 478 tan-

80 490 300 530 tummodo
319 487 559 542 significare
580 500 749 525 necesse
769 497 854 536 est,
890 498 937 526 ut
957 489 1176 529 versiones
1194 490 1400 543 habuere,
1435 510 1542 538 σκυι-

82 547 164 599 φὰν
187 546 329 600 potius
357 549 494 598 legas,
529 543 578 582 de
605 557 685 594 qua
710 557 812 582 voce
844 542 928 585 vid.
951 543 1107 584 Kuster.
1133 546 1184 585 ad
1201 549 1406 603 Aristoph.
1430 552 1540 594 Plut.

81 609 177 648 590.
240 600 320 641 Sed
339 600 450 638 nihil
479 600 715 638 mutatione
741 614 847 652 opus
871 610 944 641 est.
974 602 1137 641 Rm'rz.
1200 606 1415 650 &erbaldus
1438 608 1543 648 haec

79 658 269 703 notavit:
301 689 329 707 „
345 656 618 695 Scribendum
639 656 750 694 forte
774 661 895 708 Γνιφ.
935 658 1040 697 Esse
1061 658 1228 698 videtur
1243 653 1405 702 ⁷nomen
1429 665 1540 715 Viri,

80 726 172 754 tum
201 714 406 767 temporis
434 727 508 765 per
534 712 753 750 avaritiam
782 713 897 761 noti,
933 728 1056 766 quem
1078 714 1175 753 heic
1198 720 1355 772 pungit
1374 721 1543 760 Lucia-

78 787 172 810 nus.
202 795 259 802 -——
288 773 522 809 Torserunt
543 783 585 806 se
607 769 794 807 Clericus
817 779 856 808 et
876 770 1072 813 Guietus,
1093 772 1196 825 quid
1220 778 1404 828 γνίφωυα
1425 777 1544 817 huno

79 829 256 868 faciant.
289 841 376 865 non
403 825 622 863 torsissent
646 839 711 876 se,
743 825 778 862 si
802 825 964 880 aliquid
992 826 1291 871 suboluissent.
1351 833 1417 871 Ita
1438 837 1544 873 mul-

79 894 170 934 tos,
202 884 279 936 qui
305 898 397 922 cum
418 882 614 920 Luciano
645 881 872 931 vivebant,
906 897 927 921 a
950 882 1107 934 Satyro
1135 888 1223 938 ejus
1245 885 1421 941 flagellis
1444 904 1544 929 cae-

80 955 150 980 sos
172 954 280 989 esse,
310 938 539 978 verisimile
573 947 657 977 est:
691 937 763 977 sed
780 941 882 978 tales
907 939 985 978 hae
1015 941 1245 981 allusiones
1267 943 1318 981 ad
1344 944 1458 985 hunc
1481 948 1543 985 il-

77 1000 163 1036 lum
188 997 337 1045 virum,
371 1009 418 1034 ea
439 1004 575 1034 aetate
593 994 646 1033 ob
670 993 752 1033 hoc
771 998 842 1033 vel
863 995 971 1033 illud
995 997 1150 1035 vitium
1171 1000 1389 1050 celebrem,
1420 1005 1543 1055 cujus

76 1053 197 1102 libri,
240 1053 315 1106 qui
348 1051 469 1090 nobis
501 1061 681 1102 restant,
720 1065 808 1090 non
842 1052 1150 1105 meminerunt,
1182 1055 1296 1094 nobis
1328 1059 1543 1111 periere.“

79 1109 155 1150 Sic
173 1112 255 1162 jam
279 1108 461 1157 Solanus‚
495 1117 536 1146 et
556 1117 670 1147 recte
693 1107 875 1161 quidem,
900 1118 1118 1149 statuerat.
1180 1111 1268 1165 Qui
1289 1112 1333 1151 in
1361 1115 1542 1169 Cataplo

83 1167 188 1205 etin
215 1166 393 1206 Somnio
418 1179 448 1205 s.
473 1164 598 1202 Gallo
624 1164 930 1219 perstringitur
951 1166 1195 1206 foenerator
1225 1168 1449 1221 sordidus,
1482 1173 1545 1209 is-

83 1236 166 1275 que
191 1222 369 1261 Luciano
390 1220 603 1273 aequalis,
638 1219 747 1260 idem
769 1220 809 1260 h.
832 1223 859 1260 l.
886 1221 1067 1275 cogitari
1092 1221 1227 1266 debet.
1287 1225 1338 1263 In
1361 1227 1545 1267 Timone

81 1293 182 1317 vero
215 1288 403 1317 extremo
432 1278 602 1328 Γνίφων
631 1276 776 1316 fictum
805 1286 867 1315 est
898 1291 1051 1316 nomen
1081 1293 1133 1317 ex
1164 1290 1302 1320 aetate
1335 1282 1544 1333 Timonis,

83 1349 168 1387 quo
192 1345 332 1373 tamen
362 1343 404 1372 et
435 1334 529 1387 ipso
553 1333 736 1386 scriptor
758 1336 975 1387 aequalem
1006 1348 1130 1373 suum
1156 1336 1368 1377 famosum
1389 1343 1546 1380 vellere

79 1392 235 1430 voluit.
265 1391 425 1430 Leuni.

194 1446 300 1485 Ead.
314 1449 342 1485 l.
358 1452 422 1489 12.
443 1445 579 1486 Ἴδιον
596 1441 707 1501 αὐτῷ
726 1445 901 1501 συλλογ).
934 1446 1106 1488 Stoicos
1127 1451 1320 1505 coarguit
1337 1453 1547 1506 γνίφωνας

81 1502 200 1552 ὄντας
225 1506 378 1558 χαίρειν
408 1508 465 1560 τῷ
492 1507 763 1559 συλλογισμῷ,
804 1500 896 1556 ἤτοι
925 1509 981 1560 τῷ
1008 1503 1188 1559 χρήματα
1215 1509 1429 1563 συλλέγειν.
1490 1511 1545 1549 In

79 1560 165 1600 hoc
184 1561 297 1600 enim
323 1560 480 1613 accipit
504 1562 804 1613 συλλογίζεσθαι
825 1560 1026 1599 vellicans
1049 1558 1226 1614 εὐφυῶς.
1261 1564 1308 1606 G,

193 1617 292 1670 Pag.
319 1621 411 1658 119.
432 1618 460 1654 l.
481 1622 522 1660 3.
550 1612 736 1668 Ἑτέρους
753 1615 929 1668 τόκους)
957 1618 1057 1658 Vid.
1082 1620 1291 1673 Spanlzem.
1308 1621 1361 1660 ad
1379 1624 1550 1663 Aristo-

76 1674 245 1729 phanem
268 1678 419 1726 Νεφελ.
442 1675 564 1716 1155.
613 1673 751 1712 Gnsx.

193 1730 341 1772 Eacl.l.
362 1735 400 1773 6.
442 1729 540 1770 Τὸν
573 1728 915 1784 συλλογισμὸν
950 1727 1105 1772 ὁποῖά
1142 1732 1548 1786 φησιν]’86ῐ]υι1ηο

80 1797 151 1828 tur
173 1786 263 1839 ipsa
292 1785 541 1840 Syllogismi
565 1784 711 1834 verba,
747 1800 853 1838 quae
878 1801 971 1825 cum
993 1786 1037 1824 in
1060 1788 1232 1826 modum
1253 1789 1375 1829 edere
1398 1793 1550 1843 place..

80 1844 177 1890 bat,
211 1857 332 1896 quem
367 1842 596 1880 constituit
631 1841 693 1882 J0.
729 1842 930 1894 Seagcrns.
1003 1843 1374 1896 Propositionem,
1423 1860 1549 1900 quam

81 1898 242 1952 Logici
266 1898 439 1944 dicunt,
470 1898 676 1936 minorem
697 1912 779 1936 una
813 1913 904 1936 cum
927 1899 1016 1952 ipsa
1040 1901 1339 1953 conclusione,
1370 1895 1549 1953 hocssesr'

83 1957 234 1995 verba:
268 1951 363 1994 ἀλλὰ
389 1953 468 2006 μὴν
498 1977 554 1984 -—
583 1952 792 2007 δεύτερον,
827 1969 936 2004 casu,
972 1957 1152 2008 opinor,
1186 1957 1230 1994 in
1254 1959 1372 1998 Gorl.
1395 1960 1550 1998 omissa

86 2020 210 2050 sunt:
244 2020 378 2057 certe,
411 2011 485 2048 ubi
509 2020 622 2048 totus
643 2020 956 2064 exspectaretur
977 2013 1264 2065 syllogismus,
1295 2014 1550 2068 hypothesis

86 2071 175 2107 sola
198 2069 316 2104 nullo
339 2066 466 2105 niodo
496 2066 796 2106 satisfaciebat.
858 2069 937 2108 Καὶ
966 2070 1176 2109 auternin
1203 2071 1360 2110 minori
1382 2072 1553 2124 inpedit

87 2125 296 2162 formulae
321 2123 555 2172 rationem,
589 2132 714 2176 atque
746 2123 851 2163 adeo
879 2122 991 2162 recte
1014 2139 1034 2162 a
1056 2125 1221 2177 Seagcro
1243 2130 1434 2166 exsulare
1455 2131 1552 2180 jus-

88 2195 202 2231 snum:
249 2179 512 2218 aberraverat
551 2179 635 2218 huc
674 2193 727 2216 cx
768 2179 1058 2231 sequentibus·
1127 2183 1329 2236 Denique
1360 2198 1551 2238 quaeras,

90 2235 306 2290 quodnam
334 2236 377 2272 in
412 2233 582 2286 λήψεται
608 2234 664 2272 sit
695 2234 956 2286 subjectum.
1017 2237 1231 2290 Interpres
1249 2239 1433 2279 Latinus
1465 2256 1553 2280 non

88 2295 196 2332 male
232 2291 400 2345 quidem
431 2291 640 2346 suggessit
667 2294 831 2344 sapiens.
893 2291 1002 2332 Vide
1038 2302 1199 2339 tamen,
1234 2308 1358 2348 quam
1388 2300 1556 2349 placeat

92 2350 182 2402 ipse
204 2347 484 2403 Syllogismus‚
520 2350 637 2399 cuj'us
659 2361 836 2399 persona
859 2347 983 2386 etiam
1003 2349 1048 2387 in
1071 2350 1223 2392 Piscat,
1246 2365 1279 2389 c.
1298 2358 1366 2397 39.
1391 2358 1459 2396 40,
1483 2357 1556 2392 10..

93 2419 224 2458 quens
257 2419 276 2442 a
311 2405 454 2443 Nostro
482 2404 746 2456 producitur.
807 2403 962 2442 Verum
986 2405 1102 2457 ipse,
1134 2407 1294 2459 fateor,
1326 2424 1414 2448 non
1448 2413 1556 2449 rnul-

92 2470 179 2499 tum
202 2460 304 2500 huic
327 2460 565 2499 sententiae
588 2459 743 2497 tribuo.
790 2460 945 2499 mer.
1560 2502 1562 2504 v

206 2517 419 2569 Pag.120.
450 2520 476 2558 1.
503 2523 540 2560 4.
580 2513 897 2571 Ἇιάποὸείκτῳ)
928 2517 1025 2557 Vox
1064 2519 1249 2572 ejusdem
1277 2520 1443 2575 ingenii
1478 2532 1555 2572 est,

96 2588 142 2613 ac
163 2571 325 2622 ἄκριτος
348 2588 438 2626 cap.
458 2579 526 2616 27.
557 2573 704 2613 er).
765 2573 967 2626 Quinque
1000 2590 1151 2628 genera
1172 2576 1299 2630 hujus
1318 2579 1558 2633 syllogismi

95 2641 297 2669 memorat
317 2630 432 2682 Πίος.
450 2630 587 2669 Lucri.
611 2645 651 2682 p.
681 2635 772 2672 185.
797 2630 842 2669 C.
868 2631 924 2669 D.
950 2631 1000 2668 E.
1025 2647 1145 2684 quem
1180 2633 1292 2672 vide.
1352 2634 1561 2673 sMeminit

98 2696 139 2725 et
157 2686 272 2734 libri,
295 2700 416 2739 quem
441 2684 490 2726 de
513 2687 566 2724 iis
587 2686 810 2738 scripserat
834 2685 1102 2740 Chrysippus
1130 2695 1278 2742 p,211.
1299 2692 1355 2731 D.
1388 2691 1557 2730 Somx.

210 2742 312 2781 Eud.
335 2744 362 2779 l.
389 2747 427 2784 7·
456 2739 692 2793 Ἇῑεοὸείξω)
722 2740 933 2792 ’Λποὺείξω
963 2744 1202 2798 ambiguum
1237 2758 1320 2798 est,
1355 2762 1449 2786 cum
1473 2761 1560 2786 non

147 2811 294 2842 Luciam.
325 2808 405 2840 Vol.
434 2811 503 2841 III.
1215 2802 1286 2841 lnl
