1781 3174
643 142 663 152 x

217 179 318 235 372
568 182 1328 230 ADN'OTATioNEs

376 634 1543 693 ADNOTATIONES

561 952 643 1002 IN
689 947 1362 1000 NECYOMANTIAM.

343 1102 442 1156 Pag.
461 1104 549 1146 3.1.
568 1105 607 1144 2.
644 1099 1121 1146 NEKYOMANTIA)
1160 1099 1231 1137 De
1259 1097 1343 1137 hoc
1376 1101 1586 1152 opusculo
1615 1098 1697 1138 ad*

233 1159 399 1200 dubito.
460 1158 585 1197 Certe
607 1157 642 1194 si
667 1156 899 1210 genuinum
927 1155 1008 1205 sit,
1040 1170 1061 1192 a
1083 1154 1252 1207 juniore
1276 1154 1461 1195 Luciano
1493 1155 1713 1209 scriptum.

232 1231 324 1257 esse
360 1218 490 1254 multa
524 1222 707 1268 arguunt
732 1212 881 1250 critico
912 1211 988 1250 illo
1029 1225 1132 1249 naso
1165 1225 1252 1250 non
1284 1211 1387 1250 satis
1425 1212 1570 1266 digna.
1638 1213 1697 1251 Ut

234 1273 348 1313 enim
373 1271 540 1319 demus,
573 1283 660 1307 non
689 1269 851 1322 fugisse
880 1282 973 1306 eum
1008 1268 1053 1305 in
1079 1267 1279 1321 Dialogis
1312 1269 1588 1308 Nlortuorum
1616 1271 1696 1322 jam

233 1329 406 1382 saepius
428 1326 539 1364 dicta
562 1335 775 1378 repetere,
818 1339 910 1362 cum
935 1323 986 1362 ad
1016 1323 1235 1362 damnatos
1262 1325 1308 1361 in
1337 1324 1488 1365 inferis
1523 1335 1696 1364 ventum

234 1396 320 1436 est,
349 1383 584 1438 publicanos
609 1383 722 1420 inter
750 1395 822 1420 eos
845 1381 1054 1419 recenseri
1075 1379 1252 1427 audies;
1285 1380 1430 1420 audies
1455 1384 1543 1433 igne
1562 1384 1700 1421 torreri

235 1440 441 1495 quosdam
458 1457 468 1486 ς
503 1455 605 1492 reges
624 1440 759 1491 stipem,
778 1436 1012 1489 colligentes,
1047 1446 1120 1474 aut
1141 1436 1348 1474 vilissima
1371 1451 1561 1491 quaeque
1580 1452 1698 1490 prae·

233 1506 395 1536 stantes
418 1494 677 1539 ministeria;
712 1502 753 1532 et
775 1493 857 1531 alia
882 1507 1047 1531 scurrae
1067 1493 1208 1531 faceto
1241 1502 1284 1531 et
1305 1494 1490 1546 eleganti
1513 1493 1698 1533 Luc-iano

232 1568 321 1592 non
341 1553 443 1591 satis
467 1549 782 1590 convenientia.
814 1549 880 1587 Ab
903 1549 1047 1600 aliquo
1066 1548 1271 1600 scriptum
1293 1560 1412 1600 puto,
1443 1549 1516 1602 qui
1538 1551 1699 1589 Lucia—

232 1626 326 1649 num
348 1612 519 1663 legerat,
580 1606 817 1658 Scripserat
839 1605 1077 1657 Menippus
1104 1605 1214 1643 inter
1244 1606 1326 1644 alia
1349 1608 1555 1647 Νεκυίαν·
1589 1608 1698 1645 Dio-

230 1683 317 1719 gen.
339 1666 474 1704 Lab-t.
508 1678 548 1716 p.
570 1667 665 1706 162·
687 1663 748 1705 D.
808 1661 944 1707 Vide·
979 1675 1031 1699 an
1059 1660 1169 1698 hanc
1199 1661 1318 1699 malis
1339 1663 1540 1716 RIeniPP52
1574 1676 1697 1715 quam

230 1723 408 1762 Luciani
431 1735 539 1774 opus
560 1733 662 1759 esse.
726 1718 992 1772 Quamquam
1015 1716 1120 1754 haec
1144 1716 1262 1766 ficta,
1297 1718 1515 1757 sciendum
1541 1729 1696 1768 tamen,

231 1779 366 1817 fuisse
390 1777 444 1814 iis
467 1774 753 1828 temporibus?
788 1774 862 1827 qui
886 1773 1049 1826 magiae
1071 1773 1181 1811 serio
1202 1772 1358 1812 dabant
1380 1790 1563 1827 operam.
1597 1775 1694 1814 Vid.

232 1836 367 1874 Tacit.
390 1833 499 1874 Anu.
533 1832 606 1879 II,
644 1836 709 1874 27.
751 1831 921 1870 SOLAN.
990 1827 1307 1868 Adsentiuntur
1341 1844 1363 1869 e
1387 1831 1698 1870 recentioribus

228 1891 414 1939 Βεῖἰηιιε,
454 1888 725 1937 Wielandins,
759 1887 968 1926 Jacobsius
990 1886 1034 1923 in
1058 1887 1233 1925 Porson.
1256 1885 1453 1926 Adverss.
1478 1902 1518 1940 p.
1540 1893 1636 1932 288.
1659 1897 1700 1927 et

230 1946 515 1986 Schmieslerus.
565 1945 716 1998 Neque
733 1957 832 1982 sane
856 1941 1026 1996 injuria.
1087 1941 1185 1980 Sive
1208 1943 1321 1980 enim
1343 1944 1402 1982 rei
1417 1977 1426 1993 ‚
1458 1947 1525 1982 vel
1547 1958 1697 1994 rerum,

229 2002 546 2048 inventionem,
567 2001 656 2039 sive
679 1999 886 2038 orationis
910 1999 1105 2045 formam,
1128 2000 1311 2037 colorem
1333 2011 1374 2037 et
1395 2015 1574 2047 cursum,
1608 2015 1698 2053 spe-

229 2070 345 2103 ctes,
379 2073 466 2097 non
493 2056 621 2096 modo
655 2055 935 2103 imitationis,
968 2067 1114 2094 verum
1145 2054 1216 2092 hic
1236 2055 1329 2093 illic
1364 2057 1489 2095 etiam
1523 2060 1696 2109 ineptae

229 2125 272 2154 et
292 2114 466 2167 putidae
488 2111 704 2166 cujusdam
724 2111 1004 2160 imitationis,
1037 2111 1219 2163 vestigia
1254 2122 1459 2163 apparent
1495 2116 1695 2151 luculen-

227 2172 416 2217 tissima;
451 2169 581 2218 adeo,
614 2178 663 2207 ut
698 2182 751 2206 ne
771 2183 793 2206 a
819 2167 991 2221 juniore
1022 2166 1191 2220 quidem
1227 2167 1426 2206 Lucieno
1455 2168 1491 2205 is
1525 2169 1694 2207 libellus

227 2228 491 2280 compositus
513 2225 651 2265 videri
676 2225 838 2277 possit,
871 2223 958 2261 nisi
982 2222 1148 2272 credas,
1180 2237 1222 2262 se
1244 2223 1383 2274 ipsum
1414 2223 1592 2263 illudere
1618 2239 1692 2263 vo-

227 2285 358 2323 luisse
379 2283 638 2327 Lucianuxn,
671 2281 743 2335 qui
761 2280 872 2318 idem
897 2280 1121 2317 consilium
1143 2292 1276 2331 paene
1295 2279 1437 2318 eadem
1457 2281 1524 2318 via
1547 2281 1590 2318 in
1614 2279 1695 2319 hac

225 2339 540 2391 Necyomantia
573 2338 682 2376 etin
717 2336 1045 2388 Icaromenippo
1063 2365 1072 2381 ‚
1107 2349 1229 2387 quem
1255 2334 1449 2387 equidem
1472 2351 1568 2375 vere
1595 2337 1694 2376 Lu-

226 2396 423 2435 cianeum
445 2394 606 2445 habeo,
638 2402 886 2446 persecutus
913 2391 988 2430 sit:
1022 2405 1117 2429 nam
1146 2390 1366 2444 utriusque
1401 2391 1526 2445 hujus
1556 2393 1692 2432 libelli

225 2451 368 2491 eadem
388 2465 561 2504 prorsus
586 2458 650 2489 est
673 2457 848 2497 natura,
883 2447 1028 2486 eadem
1055 2445 1212 2497 facies3
1254 2449 1693 2501 praeterquamquod

224 2507 297 2546 ille
316 2508 575 2559 Nsenippus,
609 2520 692 2560 quo
715 2505 782 2544 sui
803 2504 897 2544 aevi
928 2501 1297 2556 philosophastros
1334 2502 1544 2554 denudet,
1578 2505 1692 2544 Icari

223 2563 358 2601 instar
382 2563 433 2601 ad
454 2563 590 2600 sidera
608 2565 765 2607 evolat,
798 2560 870 2599 hic
885 2562 1001 2599 velut
1013 2559 1188 2609 Ulysses
1208 2558 1253 2595 in
1275 2557 1431 2597 Orcum
1453 2560 1688 2601 descendit.

219 2620 366 2671 Atque
389 2629 437 2657 ut
464 2619 508 2656 in
529 2617 856 2670 Icaromenippo
886 2615 996 2654 nihil
1023 2614 1150 2652 facile
1173 2614 1404 2666 reperitur,
1441 2631 1524 2670 quo
1547 2617 1687 2656 offen-

216 2673 357 2723 daris,
395 2675 454 2712 ita
478 2674 521 2711 in
544 2674 859 2725 Necyomantia
884 2673 927 2709 in
950 2670 1062 2710 varia
1085 2668 1248 2707 incidas
1264 2699 1274 2716 ,
1308 2674 1376 2709 vel
1404 2672 1450 2709 in
1474 2687 1516 2711 se
1537 2673 1685 2725 inepta

216 2740 259 2769 et
281 2730 457 2770 absurda
471 2761 482 2781 ‚
516 2732 583 2769 vel
600 2743 694 2768 cum
713 2743 810 2770 vere
830 2725 1080 2774 Lucianeis,
1112 2728 1180 2765 vel
1200 2725 1305 2767 adeo
1325 2741 1465 2767 secum
1491 2729 1580 2782 ipsa
1600 2742 1681 2782 pu-
