1781 3174
530 221 611 256 RN
681 218 1163 252 annoNEm.
1473 208 1572 254 477

222 318 326 361 Eacl.
346 321 375 359 1.
396 323 436 363 7.
462 313 576 370 Ἰνᾶχ
581 334 629 358 ου
651 310 726 358 οὖν
746 312 838 358 οὐδὲ
861 313 1018 369 τάφος)
1055 316 1180 356 Anna
1197 316 1339 366 Fabri,
1373 316 1574 356 eruditis-

110 377 215 418 sima
237 377 410 426 femina,
433 373 484 413 ad
511 334 748 413 Caxllimachi
767 374 1021 425 Hymnum
1009 387 1053 411 in
1073 374 1234 411 Delum
1257 388 1297 412 v.
1322 377 1390 416 74.
1423 387 1475 412 ex
1489 373 1573 412 hoc

109 437 208 473 loco
232 431 458 485 colligens,
489 429 696 468 Inachum
726 427 904 467 fluvium
937 429 1111 469 Luciam·
1134 439 1323 482 tempore
1353 428 1468 467 haud
1498 444 1574 468 su-

110 489 344 555 Ρετὶιιὶεεε,
376 486 519 535 addit,
552 495 710 538 patrem
732 499 854 523 suum
879 484 962 524 hoc
993 485 1037 523 in
1071 488 1169 524 loco
1196 500 1274 538 pro
1296 483 1427 537 τάφος
1449 486 1575 525 resti-

110 545 263 586 tuisse
273 542 444 596 τάφους.
484 539 609 583 JnNs.
678 540 1032 580 Emendationem
1071 543 1174 581 Tan.
1203 541 1326 580 Fabri
1355 543 1573 593 amplexus

110 616 200 639 sum
223 599 526 639 lubentissime.
556 598 724 637 SOLAN.
783 596 1015 636 Verissime
1034 597 1189 639 Faber.-
1217 598 1348 636 simili
1370 596 1496 636 modo
1516 601 1576 637 le-

111 655 327 710 gendum
316 669 361 692 in
382 653 554 721 Ει)ηιοΖ
575 668 614 706 p
637 658 734 697 487
757 668 797 693 v
816 658 883 697 39.
917 650 1079 705 Κάμαξ,
1109 649 1204 707 ἄρσε
1209 671 1329 702 νικως
1346 655 1416 706 μὲν
1434 655 1579 724 σημαί-

110 730 152 754 ν
140 729 171 753 1.
200 711 245 753 τὸ
279 711 457 766 ὄρυγμα,
489 708 516 764 ἢ
544 708 636 758 τούς
661 711 704 752 ἐν
732 708 876 763 τάφρῳ
903 711 1181 763 πεπηγμένους
1217 710 1450 758 πασσάλους
1472 707 1578 765 πρὸς

108 766 183 820 τὴν
203 786 282 810 των
309 770 510 820 πολεμίων
538 763 688 818 ἐρωήν.
721 765 970 835 Sylburgium
999 767 1178 816 fefellit,
1215 766 1331 820 quod
1358 769 1574 820 vulgatur,

108 823 238 879 τάφῳ.
296 822 363 863 Ad
388 825 525 879 Argos
544 821 616 871 τοὶς
632 839 720 877 περι
742 821 786 864 τὸ
809 828 935 875 τεῖχος
961 821 1146 875 τάφρους
1173 831 1474 862 commemorat
1493 823 1578 862 Xe-

110 882 224 935 noph.
252 877 355 921 ’.Ελλ
373 881 449 920 IV.
473 894 515 932 p.
537 884 633 924 312.
656 894 696 917 v.
720 881 787 923 35.
846 878 1034 917 Inachus
1070 888 1210 919 autem
1236 893 1400 931 semper
1434 879 1576 918 tenuis

109 936 262 985 fiuxit,
296 951 348 976 ex
372 951 456 989 quo
480 947 626 974 contra
642 935 894 988 Neptunum
920 935 1086 976 Junoni
1103 935 1314 989 Argorum
1343 935 1578 987 possessio-

108 1007 205 1032 nem
228 991 516 1059 adjudicavit:
549 1006 730 1045 poenam
755 991 888 1045 igitur
916 1001 980 1030 est
1011 1005 1190 1049 passus,
1228 1000 1276 1029 ut
1303 1004 1453 1043 aquam
1485 1005 1576 1029 non

108 1047 306 1089 habeat'
285 1066 343 1090 οτι
365 1047 418 1101 μὴ
439 1046 612 1096 ὕσαντος
645 1052 721 1089 τοῦ
744 1052 860 1089 θεοῦ.
893 1048 1046 1100 ’θέοους
1067 1047 1108 1089 δὲ
1136 1050 1216 1088 αὖα
1245 1049 1384 1098 σφίσιν
1421 1048 1500 1088 ἐστὶ
1527 1064 1578 1088 τοι

107 1102 299 1161 ῥεύματα,
333 1105 437 1158 πλὴν
455 1121 533 1146 των
556 1104 759 1159 ἐνΛέρνῃ,
788 1113 896 1143 teste
917 1105 1361 1157 Pausan.11.p.145.
1393 1103 1577 1145 Hnmsr.

219 1194 378 1235 Ead.1.
404 1198 469 1237 10.
506 1190 623 1248 Ιρην
652 1194 722 1235 καὶ
749 1189 1014 1248 εὐρυάγυιαν)
1051 1195 1222 1246 Trojam
1266 1192 1334 1231 his
1360 1193 1576 1261 epithetis

109 1265 232 1306 Saepe
257 1262 380 1290 ornat
402 1255 539 1303 potita.
572 1251 716 1289 BROD.
778 1250 858 1288 Pro
893 1252 1064 1316 vulgata
1090 1250 1298 1301 scriptura
1330 1266 1578 1304 ευρυαγυιαν

105 1307 334 1361 legendum
357 1319 507 1345 censeo
530 1303 752 1360 εὐρυάγυια
772 1303 972 1357 Μυκηνη.
999 1307 1049 1345 V.
1070 1306 1122 1344 Il.
1146 1312 1193 1353 Δ,
1216 1310 1283 1348 52.
1306 1317 1443 1358 neque
1461 1307 1576 1345 enirn

107 1377 288 1416 usquam
323 1361 373 1401 de
406 1362 536 1414 Troja
568 1371 817 1414 usurpatum
844 1361 1050 1401 invenio:
1080 1375 1133 1422 ne
1157 1361 1294 1399 dicam
1325 1363 1432 1414 jam,
1464 1363 1578 1413 My-

107 1434 303 1459 cenarum
329 1418 456 1457 etiam
476 1427 599 1457 antea
630 1418 786 1457 factam
816 1417 1088 1458 mentionem.
1103 1411 1288 1456 Somne.
1348 1417 1577 1457 Praeteriit

107 1474 313 1515 Solarium
320 1473 447 1513 Iliad
471 1479 519 1517 Β
541 1477 699 1517 v.141.
763 1471 823 1515 Οὕ
842 1473 918 1530 γὰρ
937 1474 992 1516 ε’τι
1018 1475 1166 1529 Τοοίην
1186 1471 1409 1530 αἱρήσομεν
1431 1472 1577 1530 εὐρυά-

104 1548 236 1588 γυιαν
265 1533 430 1572 BELIN

221 1611 321 1664 Pag.
344 1615 410 1653 72.
441 1611 469 1649 1.
504 1614 541 1653 2.
590 1611 653 1651 Tc&
678 1598 803 1651 αυτοῦ
832 1604 1023 1662 ὄνόματι)
1064 1607 1239 1664 Castigo
1270 1611 1417 1663 αἵματι.
1476 1610 1576 1650 Hoc

108 1669 212 1706 alias
231 1666 424 1721 piobavi.
455 1666 598 1705 Bnon.
662 1666 859 1720 Casparus
875 1667 1102 1705 Bartlu'us
1090 1681 1135 1703 m
1167 1666 1576 1706 Animadversioni-

109 1724 187 1763 bus
215 1723 266 1762 ad
292 1723 412 1762 Statii
435 1722 642 1762 Thebaid.
660 1725 689 1765 1.
714 1729 755 1765 4.
777 1738 816 1762 v.
835 1728 903 1766 48.
944 1723 1020 1760 ubi
1053 1723 1141 1777 agit
1171 1721 1223 1760 de
1253 1722 1575 1776 Othryadibus‚

106 1780 223 1819 hunc
244 1779 420 1818 Luciam*
439 1781 581 1817 locum
605 1777 749 1817 mendi
779 1780 942 1832 arguit,
992 1788 1120 1830 atque
1146 1792 1239 1817 eum
1273 1778 1492 1831 scripsisse
1519 1796 1574 1821 τω

107 1831 237 1878 αυτοῦ
255 1838 400 1887 αι’ματι.
434 1836 683 1872 Ammnov.
731 1835 907 1886 Argivos
923 1833 1030 1873 vides
1049 1845 1083 1871 et
1103 1833 1454 1900 Lacedaemonios,
1473 1824 1576 1875 Cha-

107 1909 198 1941 ron,
231 1902 347 1945 atque
362 1891 648 1929 semimortuum
671 1892 939 1943 imper-atmem
974 1889 1220 1942 Othryadem,
1251 1906 1320 1930 suo
1346 1892 1468 1943 ipsius·
1495 1908 1575 1931 no·-

106 1949 210 1987 mine
225 1946 494 1986 inscribe-ntem
515 1957 727 1999 tropaeum.
790 1946 862 1985 Sic
898 1946 1069 1999 quidem
1101 1960 1153 1984 ex
1171 1949 1343 2000 vulgata
1366 1948 1576 2000 scriptura

107 2002 358 2043 vertendum
389 2011 464 2041 est.
525 2001 607 2041 Sed
623 2002 815 2041 Bar-thius
843 2001 895 2040 ad
918 2002 1087 2040 Statium
1109 2002 1159 2041 T.
1182 2001 1242 2041 II.
1268 2017 1308 2056 p.
1330 2007 1426 2046 904.
1459 2003 1577 2044 haud

107 2059 238 2099 dubie
258 2058 492 2096 rectissime
511 2072 588 2110 pro
618 2056 783 2110 ὀνόματι
801 2058 952 2110 reponi
976 2058 1095 2109 jubet
1116 2060 1263 2111 αἵματι.
1324 2059 1482 2098 Verum
1502 2075 1575 2099 an-

108 2125 150 2155 te
172 2129 265 2154 eum
284 2113 327 2152 id
348 2115 429 2167 jam
452 2116 631 2167 jusserat
651 2113 857 2154 Broclacus
875 2114 1063 2154 Miscell.
1089 2115 1166 2156 IX.
1188 2130 1221 2156 c.
1245 2119 1308 2157 10.
1372 2115 1491 2168 Quin
1515 2127 1576 2157 et-

108 2172 191 2210 iam
217 2173 284 2209 vel
320 2180 441 2219 ante,
486 2173 553 2208 vel
581 2181 679 2222 post
707 2170 933 2209 Brodaeum
966 2170 1075 2210 idem
1108 2169 1350 2210 emendavit
1377 2169 1430 2210 ad
1461 2187 1576 2213 oram

107 2226 351 2266 Florentini
392 2226 646 2277 exemplaris
685 2227 752 2265 vir
783 2225 953 2281 quidam
987 2224 1315 2268 eruditissimus,
1377 2227 1576 2269 Ceterum

105 2282 235 2322 video
258 2282 366 2320 hanc
384 2282 544 2321 Barduli
565 2296 652 2320 non
678 2283 835 2337 magis,
871 2296 993 2336 quam
1020 2284 1199 2321 aliorum
1234 2293 1332 2321 ante
1352 2283 1575 2338 Bar-tlzium,

107 2337 445 2379 emendationem
467 2339 869 2378 Amstelaedamensi
894 2339 1017 2389 hujus
1038 2339 1255 2401 scriptoris
1289 2338 1474 2379 editioni
1500 2342 1577 2382 ad-

109 2393 238 2433 ditam
265 2409 458 2448 quoque;
493 2393 563 2432 sed
588 2408 673 2432 non
698 2406 865 2448 putem,
899 2394 1131 2444 Βανῐήιίιητ,
1164 2396 1200 2433 si
1230 2395 1414 2447 videret,
1449 2398 1578 2454 agni-

108 2459 248 2488 turum
272 2451 386 2499 fore,
420 2464 462 2489 se
482 2450 529 2488 de
553 2449 835 2504 Othryadiffizs,
870 2451 982 2504 quod
1009 2452 1097 2489 illic
1121 2449 1302 2502 dicitur,
1334 2451 1384 2490 ad
1405 2453 1576 2495 Statium

109 2507 239 2559 egis-se.
311 2505 431 2559 Quot
460 2506 581 2544 fuere
614 2506 884 2560 Othryadae,
926 2506 975 2544 ad
1009 2521 1113 2560 quos
1148 2507 1374 2561 inscriptio
1410 2513 1575 2564 tropaei

107 2575 185 2599 suo
207 2562 392 2613 ipsorum
413 2563 636 2617 sanguine,
662 2564 800 2616 possit
822 2561 1003 2601 referri?
1037 2563 1195 2601 Iterum
1215 2563 1406 2604 Noster
1394 2581 1438 2604 in
1464 2568 1576 2608 Rhe-

109 2627 246 2655 torum
271 2618 505 2671 ptaeceptis
530 2632 564 2657 c.
592 2624 654 2661 18.
689 2618 740 2658 de
770 2617 990 2670 Othryade
1012 2619 1227 2668 meminit,
1261 2619 1336 2658 ubi
1372 2630 1574 2676 tanquam

106 2673 415 2712 memorabilem
438 2684 479 2713 et
502 2675 682 2714 maxime
713 2676 924 2730 insignem
958 2674 1161 2713 historiae
1188 2686 1348 2728 partem
1381 2680 1576 2718 nominat

105 2729 152 2770 τά
173 2727 412 2783 Οθουάὸου
446 2730 666 2785 γράμματα.
700 2732 824 2773 Jnss.
887 2732 1010 2771 Solus
1043 2731 1344 2785 Longolianus
1378 2735 1573 2775 emenda-
