1781 3174
215 180 315 227 374
573 190 1328 225 Anno‘rarxonns

327 288 431 332 Ead.
452 291 478 330 l.
501 291 540 334 5.
568 284 638 338 'Eg
657 286 799 345 φάος)
828 288 903 329 Ad
922 288 1069 341 lucem,
1103 290 1159 331 ad
1176 307 1344 346 ειιρενοε.
1376 290 1522 332 Bnon.

330 379 434 420 Ead.
454 382 483 419 l.
504 384 544 424 6.
569 376 625 423 ‘O
643 375 785 431 κύων)
816 379 1022 432 Cynicus.
1053 381 1196 423 Bnon.
1257 381 1328 421 Sic
1355 395 1505 433 nempe
1526 379 1684 434 Cynici

221 449 309 476 non
327 439 468 476 solum
484 436 535 475 ab
553 435 740 475 inimicis
755 445 796 476 et
810 436 1076 486 adversariis,
1089 436 1160 477 sed
1179 437 1306 477 etiam
1328 437 1378 478 ab
1392 437 1538 477 amicis
1553 453 1600 477 ac
1618 453 1685 478 so-

221 491 416 543 dalibus,
451 493 553 546 quin
581 492 708 532 etiam
731 506 753 531 a
784 507 827 531 se
847 492 955 546 ipsi,
988 494 1102 547 apud
1127 494 1370 533 Lucianum
1402 497 1685 547 appellantur.

220 548 323 590 vid.
349 549 483 591 Dian.
503 549 658 589 Morte.
689 549 727 601 Ι,
752 554 789 592 1.
808 549 863 602 X,
883 555 948 595 13.
969 550 1092 601 XXI,
1119 554 1156 594 1.
1178 551 1324 603 XXII,
1346 558 1384 596 3.
1413 551 1572 590 LEHM.

333 635 440 678 Εαᾶ·
466 639 495 677 1·
520 640 559 683 7.
593 640 650 681 Εἰ
673 637 727 693 μὴ
756 637 832 694 ἐγώ
859 641 1100 694 παραβλέπω
1128 642 1376 691 Μενίππους
1407 638 1554 697 ἕλους)
1584 640 1686 679 Phi-

219 693 394 734 lonidae
411 693 539 733 verba
561 705 661 734 sunt
678 696 1023 750 corruptissima:
1057 692 1105 740 οὗ
1133 699 1350 747 Μένιππος
1380 694 1499 746 οὗτός
1531 698 1636 739 ἐστιν
1666 694 1689 739 ὅ

219 749 350 802 πύωνς
380 747 586 802 οῧμενουν
608 751 751 804 ἄλλος,
783 756 819 794 εἰ
839 750 892 807 μὴ
911 751 985 808 ἐγώ
1007 755 1247 808 παραβλέπω
1280 756 1528 803 Μενίππου-ς
1559 752 1689 802 ὅλους.

221 807 363 846 Vertit
387 807 563 848 Thomas
580 808 748 850 Morus:
778 809 884 848 Num
907 826 1000 849 nam
1022 811 1087 850 hic
1110 811 1324 864 ZWenz'ppus
1344 822 1421 861 est,
1456 812 1567 849 canis
1588 809 1689 850 ille?

220 862 314 903 Non
336 861 464 903 hercle
485 864 611 915 alius,
643 868 719 905 nisi
737 881 806 919 ego
824 865 941 923 forte
968 866 1024 905 ad
1050 867 1263 920 Menippos
1288 882 1419 906 omnes
1449 866 1687 906 halluciner.

218 918 512 972 Interpolator
543 932 683 961 autem
715 922 1033 962 Salmuriensis:
1074 923 1216 962 Nonne
1246 924 1311 962 hic
1338 924 1553 977 Blenippus
1579 926 1691 963 canis

220 986 278 1015 est
295 974 399 1018 ille?
436 992 514 1016 non
540 977 668 1018 hercle
697 977 821 1028 alins,
866 981 944 1018 nisi
971 978 1196 1018 halluciner
1226 995 1357 1018 omnes
1383 995 1457 1033 pro
1487 980 1690 1032 R‘Ienippis

221 1034 429 1085 accipiens.
491 1032 574 1073 Sed
596 1036 691 1089 quis
716 1035 877 1074 Graece
899 1035 1050 1075 doctus
1073 1035 1311 1090 intelligat,
1345 1034 1450 1085 quid
1479 1035 1535 1073 sit
1552 1052 1691 1086 παρα-

156 1122 158 1124 ,
219 1089 376 1141 βλέπειν
407 1092 657 1140 Μενίππους
686 1089 827 1142 ὅλους,
859 1101 933 1130 aut
965 1092 1040 1145 qui
1071 1092 1281 1130 sustineat
1305 1090 1532 1140 affirmare,
1563 1090 1608 1129 id
1633 1091 1690 1129 si-

221 1144 426 1199 gnificare
446 1144 551 1186 haec
574 1147 715 1199 verba,
759 1146 875 1202 quod
897 1151 1052 1187 volunt
1071 1148 1324 1201 interpretes
1339 1147 1361 1187 ‘a'
1399 1147 1578 1188 Luciam·
1598 1161 1691 1186 ma..

221 1214 303 1239 nus
318 1211 407 1241 est:
443 1201 502 1244 Οὐ
525 1204 746 1253 Μένιππος
765 1199 886 1253 οὗτός
913 1205 1018 1247 ἔστιν
1042 1203 1064 1247 ὅ
1091 1203 1223 1254 κύων;
1256 1202 1458 1255 οῧμενουν
1485 1201 1625 1255 ἄλλος,
1657 1205 1694 1246 εἰ

221 1254 278 1309 μὴ
298 1255 372 1312 ἐγώ
401 1261 661 1313 παραβλέπω.
723 1261 944 1309 Μένιππος
964 1259 1068 1310 ὅλος.
1127 1261 1270 1300 Nonne
1294 1262 1359 1300 lzz‘c
1392 1260 1606 1314 Menippus
1635 1271 1692 1300 est

220 1312 290 1352 ille
309 1314 453 1356 canis?
481 1332 560 1355 non
578 1315 705 1356 hercle
723 1316 846 1368 alius,
878 1321 960 1357 nise:
976 1317 1081 1357 male
1101 1316 1227 1357 video.
1286 1318 1500 1370 ZUenippus
1517 1319 1598 1369 ipse
1617 1327 1686 1355 est.

221 1371 444 1419 Μένιππος
462 1370 556 1420 ὅλος
575 1382 638 1412 est
664 1372 913 1412 idiotismus
939 1373 1109 1413 Atticus
1125 1403 1136 1422 ‚
1169 1387 1255 1426 quo
1278 1386 1379 1411 usus
1406 1372 1532 1412 etiam
1555 1383 1620 1411 est
1642 1372 1689 1410 in

219 1424 394 1481 dialogo
411 1428 628 1482 Diogenis
657 1437 699 1469 et
715 1429 941 1481 Herculis:
973 1431 1162 1479 (Mortt.
1181 1429 1317 1468 Dian.
1342 1428 1462 1469 XVI.
1488 1429 1586 1477 in.)
1617 1426 1692 1481 οὐχ

216 1479 423 1537 Ἠρακλῆς
444 1478 561 1534 οὗτός
581 1487 707 1536 ἐστινς
739 1484 942 1539 οὕμενουν
966 1483 1105 1537 ἄλλος,
1138 1484 1195 1539 μοὶ
1211 1483 1283 1527 τὸν
1303 1482 1531 1540 ‘Homadena’
1563 1482 1607 1526 τό
1626 1482 1692 1526 τό-

219 1539 304 1590 ξον,
335 1539 379 1580 τὸ
401 1539 592 1594 ῥόπαλον,
624 1539 651 1594 ἡ
669 1546 823 1595 λεοντῆ,
842 1541 888 1584 τὸ
906 1543 1096 1598 μέγεθος·
1127 1538 1442 1596 ὅλοςθΗρακλῆς
1459 1543 1563 1584 ἔστιν
1576 1554 1587 1565 ·
1617 1541 1693 1580 An

219 1610 301 1634 non
319 1596 511 1636 Hercules
533 1597 598 1637 hic
622 1597 711 1640 est?
740 1613 818 1638 non
838 1598 944 1638 alius
959 1598 1186 1639 mehercule.
1246 1598 1405 1648 Arcus,
1439 1597 1555 1637 clava
1570 1630 1581 1648 ,
1613 1596 1693 1636 leo-

219 1653 337 1701 nina>
370 1668 517 1706 magna
532 1664 698 1693 statura.
760 1654 850 1708 Ipse
876 1655 1071 1696 Hercules
1091 1666 1159 1695 est.
1192 1655 1371 1695 GnAEv.
1434 1655 1593 1693 Graece
1621 1653 1693 1691 di-

218 1706 333 1746 citur
351 1711 620 1762 παραβλέπειν
640 1712 892 1759 Μενίππους
911 1709 1052 1761 ὅλους,
1081 1722 1131 1750 ut
1151 1715 1283 1768 λημᾷν
1306 1708 1400 1759 ’ὅλας
1419 1706 1692 1761 κολοκύνθας,

220 1773 326 1803 lotas
346 1765 573 1805 cucurbitas
590 1765 754 1820 lippire,-
782 1777 932 1820 estque
950 1768 1194 1808 hallucinari
1210 1770 1252 1807 in
1269 1778 1352 1806 toto
1363 1767 1569 1820 Menippo.
1602 1766 1692 1819 Op·

218 1820 401 1873 ponitur
422 1822 635 1875 ejusmodi
657 1822 941 1862 hallucinatio
962 1824 1078 1863 visus
1100 1824 1146 1862 in
1168 1838 1213 1863 re
1237 1837 1390 1877 magna
1412 1832 1454 1861 et
1473 1837 1609 1861 crassa
1630 1836 1694 1862 er·

217 1877 309 1916 rori
331 1877 377 1915 in
398 1892 442 1916 re
463 1893 620 1931 parva,
653 1878 727 1931 qui
749 1879 879 1918 facile
902 1889 1045 1932 potest
1063 1880 1247 1932 irrepere
1270 1879 1315 1917 in
1337 1877 1501 1932 judicia
1532 1887 1692 1918 nostra.

216 1931 374 1986 Itaque
393 1932 509 1973 nihil
526 1934 800 1983 mutandum3
834 1935 1035 1989 nequead
1052 1950 1136 1975 rem
1153 1936 1260 1974 facit
1276 1937 1516 1987 exemplum
1536 1948 1559 1973 a
1573 1933 1695 1974 Grae·

216 1990 281 2028 vio
305 1993 504 2039 allatum,
535 1990 650 2044 quod
673 1989 882 2031 dissimile
900 2002 987 2033 est:
1019 2001 1307 2035 memorantur
1329 1991 1442 2031 enim
1461 1992 1507 2029 in
1527 2005 1578 2030 eo
1598 2004 1694 2044 par-

217 2052 281 2084 tes
307 2044 479 2084 habitus
505 2046 719 2097 Herculis,
753 2051 887 2099 clava,
907 2048 1105 2099 leonina,
1137 2057 1320 2094 statura;
1354 2047 1427 2085 hic
1447 2061 1549 2086 vero
1572 2049 1692 2085 nulla

219 2103 485 2141 enumeratio
505 2103 704 2156 partium.
767 2103 885 2158 Quin
908 2113 950 2144 et
971 2115 1146 2143 ornatus
1169 2103 1374 2156 Menippi
1402 2102 1595 2142 diversus
1618 2102 1690 2141 de-

216 2157 419 2197 scribitur
438 2157 489 2197 ab
510 2173 562 2198 eo
577 2189 588 2210 ,
622 2159 696 2211 qui
719 2160 884 2199 solebat
904 2174 1009 2200 esse.
1042 2159 1179 2202 szn.
1240 2161 1292 2198 D.
1316 2158 1506 2198 Heinsius
1526 2158 1577 2197 ad
1597 2159 1691 2197 Ho-

217 2223 294 2252 rat.
323 2213 360 2254 Ι.
384 2214 471 2255 Sat.
497 2215 577 2265 III,
595 2218 661 2259 25.
695 2228 790 2254 cum
812 2226 926 2256 recte
946 2217 1182 2256 monuisset
1205 2215 1267 2253 ibi
1287 2229 1365 2268 pro
1394 2214 1596 2268 per-videas
1621 2217 1689 2253 le—

219 2268 404 2323 gendum
433 2284 524 2312 esse
553 2270 808 2326 praevideas,
848 2271 992 2313 addit:
1033 2272 1263 2313 Prae-videre
1293 2279 1356 2309 est
1384 2270 1690 2324 praeter-videre,

216 2332 401 2383 παρορᾷν
417 2360 428 2377 ,
457 2338 507 2366 ut
527 2329 797 2382 παραβλέπων
817 2329 1042 2368 Luciano:
1075 2327 1195 2377 ὅλους
1217 2330 1464 2375 Μενίππους
1493 2327 1688 2380 παραβλέ-

215 2397 305 2423 πειν
318 2397 326 2406 ·
358 2398 448 2422 curn
466 2384 578 2423 mala
598 2396 668 2424 tua
680 2385 933 2439 praevideas,
965 2385 1010 2423 id
1029 2395 1092 2424 est
1104 2415 1116 2435 ‚
1149 2387 1190 2423 in
1209 2382 1388 2423 videndis
1409 2385 1458 2422 iis
1477 2386 1687 2424 caecutias.

215 2438 333 2492 Ergo
355 2439 468 2479 nihil
488 2441 673 2480 Heinsio
695 2441 784 2480 fuit
806 2441 850 2479 in
872 2445 1044 2496 vulgata
1063 2441 1252 2481 lectione
1282 2439 1404 2478 duri:
1435 2438 1544 2477 mihi
1566 2453 1689 2479 secus

217 2494 411 2546 videtur,
445 2497 522 2549 qui
547 2498 713 2550 optimo
737 2497 902 2537 Graevio
921 2498 1073 2536 lubens
1091 2496 1269 2536 accedo:
1300 2508 1396 2533 nam
1419 2495 1532 2534 nihil
1550 2505 1613 2536 est
1634 2509 1686 2534 eo

216 2554 411 2604 exemplo
435 2552 642 2603 alienius,
677 2553 794 2608 quod
815 2553 1043 2594 firmandae
1077 2550 1287 2606 loquendi
1315 2552 1526 2592 formulae
1552 2551 1690 2607 gratia

213 2606 423 2659 produxit
452 2606 637 2650 Clericus.
699 2610 803 2650 Non
831 2609 1123 2649 animadversa
1145 2607 1233 2646 fuit
1254 2607 1300 2645 in
1316 2608 1584 2662 παραβλέπειν
1613 2606 1690 2646 du·

208 2666 312 2716 plex
357 2662 632 2717 significandi
674 2667 842 2717 virtus‚·
906 2679 993 2705 una
1028 2662 1307 2719 praevidendi,
1353 2661 1687 2719 praeter-videndi,

211 2717 429 2774 quomodo
451 2731 591 2760 casum
616 2731 816 2775 quartum
857 2719 1082 2776 adsciscit3
1110 2729 1159 2762 ut
1182 2720 1228 2760 in
1247 2720 1325 2762 ino
1352 2726 1505 2777 poetae
1533 2719 1691 2763 veteris
