1781 3174
507 178 575 212 xiv
624 177 1134 210 necromantiam
1449 170 1546 216 417

87 276 438 335 quemadmodum
459 275 654 316 homines
682 273 911 328 prudentes
940 277 1104 326 solent,
1138 278 1342 317 aieatores
1367 277 1545 319 callidos

87 337 244 376 imitati
276 349 327 374 ex
353 342 578 388 praecepto
609 331 819 370 Micionis
848 331 1097 371 Terentiaui
1121 332 1167 371 in
1185 333 1368 386 Adelph.
1390 335 1443 374 A.
1468 335 1543 376 IV.

83 394 152 433 Sc.
178 393 282 442 VII,
307 397 374 435 22.
434 390 550 428 Haec
577 397 715 427 autem
736 387 975 426 similitudo
995 402 1089 427 cum
1120 403 1206 428 non
1229 404 1323 429 raro
1349 403 1371 428 a
1392 392 1543 430 veteri-

85 450 164 488 bus
199 457 447 500 usurpetur,
499 444 658 484 Valesio
683 444 917 496 persuasit,
957 453 1004 482 ut
1029 446 1236 485 rationem
1269 446 1487 499 proverbii
1520 462 1542 489 a

85 516 331 545 tesserarum
354 505 467 556 jactu
485 510 718 553 repeteret,
750 510 1096 553 compararetque
1124 502 1367 550 Gallorum,
1400 503 1451 542 Se
1466 520 1543 543 ser,

82 564 142 600 vir
161 562 253 600 bien-
268 558 314 597 cle
333 574 378 597 sa
401 559 546 598 chance
566 557 610 594 in
633 557 735 595 Not.
761 556 971 595 Ilffausmci
988 557 1038 594 ad
1050 557 1251 612 Harpocr.
1270 573 1311 611 p.
1325 564 1421 603 221.
1450 573 1545 599 sen·

82 632 132 656 su
155 615 323 670 quidem
344 629 396 653 ex
419 614 559 667 aliqua
588 622 706 665 parte
734 613 1005 665 opportuno,
1038 614 1109 652 sed
1142 614 1307 668 origine
1337 614 1466 653 nimis
1496 614 1541 655 iu

82 681 306 727 angustum
328 670 506 711 redacta,
564 669 624 707 Ut
646 682 746 722 ergo
774 668 876 721 quin
897 679 1042 708 noster
1060 670 1131 709 ille
1152 670 1299 709 modus
1321 671 1544 724 explican-

83 728 126 767 di
146 730 202 767 sit
225 727 275 766 ad
300 728 483 766 Graecae
504 726 676 780 linguae
707 724 927 775 ingenium
958 726 1338 776 accommodatior,
1368 728 1543 768 minime

81 784 260 835 dubito,
294 784 355 822 sic
378 792 518 821 tamen
543 785 684 820 nullus
717 779 921 831 diffiteor,
953 783 1012 820 ita
1034 783 1308 834 proverbium
1338 782 1420 822 hoc
1450 799 1546 824 sae-

80 857 133 896 pe
157 841 347 894 posuisse
367 839 594 891 scriptores
617 837 841 889 antiquos,
872 847 920 875 ut
943 849 1087 890 aperte
1119 838 1170 876 ad
1201 848 1448 879 tesserarum
1470 843 1545 879 lu..-

81 898 180 937 dum
203 897 508 951 cogitationem
528 895 748 933 referrent.
808 894 1017 946 Exemplo
1038 895 1124 934 sint
1144 896 1354 948 Sophoclis
1372 910 1540 946 versus,

83 968 190 1008 quos
212 966 428 1007 perperam
450 951 514 988 vir
534 964 711 1004 magnus
728 949 905 989 Alexicli
921 950 1087 1000 tribuit,
1120 950 1231 1004 apud
1254 951 1366 992 Stob.
1388 966 1428 1004 p.
1445 956 1542 996 570.

79 1025 121 1050 v.
146 1015 213 1053 46.
247 1011 432 1062 Στέργειν
452 1007 493 1048 δὲ
514 1005 786 1060 τᾶμπεσόντα,
817 1008 883 1047 καὶ
904 1008 1052 1048 θέσθαι
1075 1009 1216 1058 πρέπει
1234 1006 1380 1060 Σοφὸν
1397 1013 1543 1063 κυβευ·

80 1066 178 1119 τὴν,
211 1060 308 1107 ἄλλα
331 1063 384 1117 μὴ
408 1065 558 1105 στένειν
579 1062 701 1116 τυχήν
718 1076 727 1084 ·
760 1063 834 1100 ubi
858 1063 1040 1116 primum
1060 1064 1231 1102 restitui
1252 1068 1407 1118 placet,
1437 1061 1478 1107 κ’
1500 1061 1547 1108 εὖ

78 1125 256 1172 θέσθαι,
298 1135 421 1173 quam
445 1119 782 1158 emendationem
818 1133 903 1157 non
933 1133 1106 1169 vereor,
1148 1134 1202 1159 ne
1234 1121 1330 1173 quis
1361 1120 1543 1163 Critices

79 1180 244 1233 peritus
268 1177 423 1215 nostris
446 1176 570 1214 armis
592 1185 884 1228 oppugnatum
911 1177 1077 1214 veniat:
1110 1175 1266 1215 deinde
1286 1179 1461 1232 στέργειν
1479 1188 1545 1219 est

79 1251 202 1289 aequo
221 1233 492 1288 anirno‘ferre,
526 1234 639 1285 aequi
655 1231 965 1286 borziqrcejizce1v
977 1262 988 1279 ‚
1023 1231 1235 1271 diversum
1253 1233 1304 1271 ab
1322 1230 1364 1275 εὖ
1381 1235 1542 1277 θέσθαι,

79 1292 340 1330 Sententiam
360 1288 568 1342 egregiam
589 1288 898 1340 elegantissime
921 1287 1049 1326 vertit
1069 1287 1136 1325 vir
1155 1289 1361 1329 maximus
1380 1290 1425 1328 in
1443 1292 1543 1330 Flo-

75 1347 194 1401 rileg.
216 1361 256 1396 p.
282 1349 375 1389 456.
439 1343 556 1395 Quod
581 1360 693 1382 casus
725 1345 861 1397 offert,
889 1359 1032 1396 ponere
1053 1359 1107 1382 ex
1124 1361 1193 1384 uso
1224 1361 1316 1395 sno,
1347 1347 1440 1387 Non
1465 1365 1542 1401 ge«

78 1402 424 1458 mereforwunam,
455 1400 641 1439 aleatoris
665 1400 756 1439 boni
782 1411 848 1438 est.
909 1400 1028 1438 Alter
1051 1410 1188 1439 autem
1201 1401 1373 1456 Tragici
1395 1417 1540 1443 versus

77 1459 191 1512 apud
219 1458 461 1513 Hesychium
493 1458 537 1495 in
566 1453 779 1508 Κυβευτήν
810 1459 907 1495 loco
935 1455 1060 1495 valde
1093 1457 1290 1496 mutilato
1319 1470 1541 1513 corruptus

75 1515 322 1561 invenitur3
372 1515 417 1552 in
462 1527 545 1566 quo
588 1511 860 1566 refingendo‚
902 1512 1025 1565 quia,
1068 1512 1182 1552 unde
1215 1524 1377 1554 sumtus
1404 1517 1540 1567 foret&

76 1570 327 1626 ignorabat,
361 1569 582 1610 Salmasius
603 1583 770 1621 operam
793 1569 911 1607 lusit.
971 1569 1104 1608 Porro
1130 1569 1234 1623 quid
1253 1571 1445 1627 Aeschyli
1466 1575 1540 1611 10-

75 1642 126 1667 co
149 1627 302 1666 clarius
317 1658 328 1677 ,
363 1627 407 1664 in
429 1628 573 1681 Agam.
595 1641 633 1665 v.
655 1630 723 1669 32.
762 1624 819 1666 Tc}
840 1628 1046 1667 δεσποτῶν
1066 1623 1140 1679 γὰρ
1161 1621 1206 1668 εὗ
1223 1626 1398 1670 πεσόντα
1414 1628 1540 1681 θήσο·

75 1701 147 1737 μαι
175 1685 267 1736 Τρὶς
281 1686 322 1734 ἓξ
344 1681 548 1737 βαλούσης
564 1684 676 1734 τῆςδέ
705 1699 774 1734 μοι
806 1684 1081 1735 φρυκτωρίας·
1115 1681 1394 1722 audacissima
1423 1683 1541 1739 sign—-

72 1755 141 1790 ra,
176 1754 300 1794 quarn
331 1740 535 1792 castigata
565 1737 773 1791 Sophoclis
801 1741 992 1791 majestas
1023 1737 1105 1775 sibi
1135 1752 1352 1791 nunquam
1376 1741 1541 1793 permi-

71 1797 216 1837 sisset:
251 1796 294 1833 in
315 1795 535 1836 Scholiaste
556 1808 654 1834 vero
674 1792 898 1847 legendum
917 1791 1130 1846 εὐβολῆσαι
1151 1808 1226 1845 pro
1249 1793 1536 1850 εὖθυβολῆσαι.

73 1851 155 1890 Sed
179 1861 337 1901 metuo,
370 1865 423 1890 ne
445 1851 539 1904 quis
559 1850 604 1888 in
622 1864 665 1889 re
684 1849 805 1888 tenui
825 1847 997 1888 modum
1018 1849 1220 1890 excedere
1239 1865 1305 1891 me
1323 1862 1538 1907 queratur.

74 1907 258 1947 HEMs‘r.

188 2018 293 2059 Eacl.
310 2022 339 2059 1.
363 2023 428 2062 12.
460 2019 562 2071 Περὶ
582 2017 704 2072 μηδὲν
723 2014 1006 2072 ἐσπουδακώς)
1036 2017 1167 2058 Plane
1189 2028 1333 2059 noster
1354 2016 1536 2062 Tiresias

75 2091 170 2117 cum
202 2074 422 2115 Simonide
456 2075 612 2125 sensit,
662 2077 902 2128 cujusfferat
931 2085 1200 2128 praeceptum
1227 2079 1379 2125 παίζειν
1408 2078 1451 2119 ἐν
1480 2082 1538 2134 τῷ

74 2137 149 2190 βίῳ
164 2166 174 2182 ,
206 2133 273 2173 καὶ
294 2132 386 2182 περὶ
407 2131 528 2184 μηδὲν
545 2128 679 2179 ἅπλῶς
702 2130 952 2179 σπουδάζειν.
1015 2131 1113 2169 vid.
1139 2133 1283 2171 Theon.
1305 2134 1533 2187 Progymn.

73 2204 116 2242 p.
142 2193 209 2233 84.
271 2189 381 2226 Mox
402 2197 538 2226 autem
559 2189 739 2240 κλειθρία
765 2187 797 2224 si
830 2187 1011 2227 fenestra
1036 2187 1114 2236 sit,
1146 2188 1384 2227 clathratam
1403 2189 1535 2229 intel..

74 2245 206 2299 ligere
229 2253 412 2298 oportet.
477 2247 712 2296 Κλειθρίὸια
738 2242 854 2281 dabit
883 2241 1074 2295 Euagrius
1100 2245 1155 2282 ΙΙ.
1175 2244 1225 2282 Ε.
1252 2244 1295 2293 1,
1324 2249 1386 2287 14.
1420 2245 1536 2299 Πρὸς

73 2309 124 2355 τῇ
147 2299 281 2357 ὀροφῇ
300 2301 438 2342 τοίνυν
459 2304 537 2341 τῶν
560 2301 779 2354 λεγομένων
799 2303 926 2340 στοῶν
945 2302 1170 2351 κλειθρίόια
1191 2306 1427 2343 καθεστῶσι·
1459 2309 1535 2344 θυ-

73 2361 185 2406 ρίδας
217 2358 314 2398 ἔνιοι
343 2361 536 2397 καλοῦσι’
590 2359 803 2409 pauloque
835 2366 931 2408 post
964 2356 1114 2394 iterum
1149 2360 1422 2411 κλειθρίόιον’
1471 2355 1533 2396 ibi

71 2412 207 2465 Iaangi
226 2412 627 2465 etClzrisioplzorsoni
643 2411 836 2452 cancellos
853 2411 1046 2464 repudiat
1067 2410 1269 2461 Valesius,
1303 2423 1344 2452 et
1362 2414 1535 2454 clausu-os

73 2472 235 2507 mavult
267 2478 436 2508 vertere.
509 2468 560 2507 In
601 2468 900 2517 Onomastico,
939 2466 1165 2519 Κλειθριά,
1199 2471 1324 2521 rz'ma5
1366 2470 1441 2508 alii
1474 2472 1533 2509 si-

75 2524 249 2578 gnatius
266 2528 410 2576 jcmuae
430 2527 570 2564 rimam
593 2525 945 2577 interpretantur,
972 2532 1020 2560 ut
1043 2522 1212 2562 monuit
1234 2524 1291 2563 H.
1317 2525 1534 2579 Stephanus

73 2583 118 2618 in
143 2580 223 2620 Th.
249 2581 300 2618 L.
325 2580 396 2618 Gr.
421 2584 539 2619 nullo
570 2582 681 2630 alio,
716 2594 837 2633 quam
865 2578 944 2616 hoc
965 2579 1058 2631 ipso
1079 2579 1253 2618 Luc-iani
1285 2584 1379 2621 loco
1412 2582 1534 2620 adia-

70 2645 132 2676 to.
194 2636 341 2675 Posses
363 2636 550 2675 foramen
574 2640 727 2691 januae
750 2637 815 2675 vel
840 2635 968 2674 cistae
991 2637 1207 2687 pervium,
1242 2637 1283 2674 in
1308 2639 1420 2691 quod
1442 2642 1531 2676 cla-

71 2691 137 2731 vis
172 2691 440 2742 immittitur,
479 2707 710 2746 exponere:
762 2696 951 2745 κλεῖθρον
978 2701 1106 2731 vocat
1137 2692 1352 2733 Numenius
1383 2694 1426 2733 in
1457 2695 1530 2734 illu

116 2761 265 2792 Lucian.
295 2759 376 2791 Vol.
401 2760 466 2792 Ill.
1167 2749 1211 2786 D
1232 2747 1256 2786 d
