1781 3174
176 171 277 220 684
532 184 1293 218 ‘AnNoTA'rroNEs

177 283 304 324 Dicit
321 281 732 323 haecParrhesiades
747 298 951 323 conversus
972 281 1024 322 ad
1036 284 1285 336 Victoriam,
1298 283 1516 339 indigitans
1538 297 1640 326 eam.

175 363 233 372 —-
263 339 416 380 Versio
447 338 599 378 habet:
631 338 830 393 equidem
861 340 993 380 initio
1023 343 1107 393 jam
1136 341 1334 389 adoravi3
1369 342 1498 381 immo
1519 355 1643 381 vero:

176 395 355 449 primam
376 405 418 436 te
440 400 495 448 (ο
516 397 640 448 Dea)
663 398 746 449 jam
769 396 964 450 superius
986 397 1214 440 adoravi.“
1243 399 1361 438 Haec
1392 398 1466 451 qui
1486 397 1531 435 in
1550 411 1644 436 ver-

177 452 244 492 bis
274 451 461 507 vulgatis
490 452 733 503 invenerit,
766 467 861 492 eum
892 453 1019 492 credo
1042 455 1125 492 alia
1160 455 1302 493 omnia
1334 454 1494 493 ibidem
1524 454 1646 493 facili

179 522 308 561 opera
326 509 614 549 inventurum.
674 509 768 548 Imo
788 508 931 549 verbis
954 509 1058 563 ipsis
1081 511 1285 563 inspectis
1309 510 1423 549 nihil
1439 510 1556 549 aliud
1569 511 1647 548 eli-

179 565 313 616 citur,
346 578 471 619 quam
497 563 655 605 Gesner-i
671 565 836 616 versio,
868 581 993 621 quam
1017 569 1124 606 male
1147 568 1440 621 intelligentes
1467 567 1647 619 vitupe-

176 629 327 661 rarunt
365 631 409 661 et
446 619 734 663 deseruerunt.
803 620 884 677 Τήν
915 640 960 678 γε
991 620 1153 676 πρώτην
1180 638 1266 662 non
1298 624 1524 680 Objectum
1557 633 1645 671 est,

177 676 253 716 sed
288 675 614 730 adverbialiter,
645 687 694 717 ut
721 677 849 729 alias,
890 679 1166 732 capiendum:
1205 682 1331 720 initio.
1394 685 1649 734 Προςκυνεῖν

178 742 320 772 autem
342 733 537 773 absolute
559 735 750 787 positum
770 753 849 775 rem
869 752 1025 775 sacram
1046 735 1246 787 denotat,
1279 736 1481 777 videlicet
1501 737 1648 776 adora-

177 792 320 829 tionem
340 792 510 829 numinis
530 790 735 845 cujusdam
751 791 887 832 (livini.
949 793 1181 845 Cujusnam
1200 807 1300 833 vero
1313 792 1335 832 ‘Z'
1366 817 1421 824 -—
1450 793 1648 846 Respon-

179 844 286 896 deo,
318 846 355 885 si
375 856 490 886 recte
508 848 706 898 memini,
736 848 1164 889 Minervae'PoZiadis.
1226 849 1338 889 Vide
1359 848 1487 888 modo
1517 864 1550 888 c.
1574 855 1646 893 21.

179 901 271 952 Ubi,
295 912 521 956 postquam
533 903 792 959 Philosophia
812 904 998 946 dixerat:
1028 903 1140 959 ἡμεῖς
1160 906 1202 948 δὲ
1221 907 1262 949 ἐν
1282 904 1454 959 τοςούτῳ
1474 923 1647 957 71:90ng-

178 955 366 1013 νήσωμεν
383 957 457 1012 τὴν
476 957 596 1012 θεόν,
626 963 709 1014 jam
732 961 956 1001 Lucianus
984 961 1075 1015 ipse
1097 977 1240 1016 preces
1266 977 1361 1001 suas
1393 962 1445 1000 ad
1476 963 1649 1002 lVIiner-

178 1028 257 1054 vae
280 1030 438 1056 numen
457 1017 575 1058 facit.
635 1016 720 1058 Sed
751 1032 867 1057 nunc
895 1019 1076 1058 victoria
1103 1018 1326 1072 deportata
1357 1033 1441 1059 rem
1472 1019 1648 1058 eandem

176 1068 358 1123 (αὐτὸ,
388 1071 433 1114 τὸ
464 1075 734 1126 προςκυνεῖν)
765 1072 1054 1130 τραγικώτερον
1083 1075 1366 1130 peragendam
1396 1074 1478 1115 sibi
1507 1074 1652 1115 decla-

176 1137 255 1167 rat.
314 1129 430 1168 Num
445 1128 751 1186 quid—amplius
776 1131 1020 1172 desideras?
1051 1132 1211 1172 LEnM.

293 1185 399 1226 Εαῑῖ-
430 1189 460 1225 l·
490 1190 530 1231 6·
558 1187 616 1228 ’.Ω
646 1189 745 1242 μέγα
772 1187 896 1242 σεμνή
926 1191 1045 1242 νίκη)
1073 1190 1170 1228 Ηοο
1196 1187 1242 1227 in
1270 1187 1357 1227 fine
1386 1187 1652 1242 quarundam

177 1241 494 1295 tragoediarum
518 1243 633 1296 apud
652 1244 881 1299 Euripidem
901 1244 1044 1286 videre
1061 1246 1177 1295 licet,
1201 1254 1250 1284 ut
1270 1245 1315 1282 in
1334 1244 1652 1286 Phoen.Orest.

177 1297 322 1352 Iphig.
344 1298 392 1336 in
418 1300 546 1338 Taur.
580 1300 725 1340 Bnon.
783 1301 884 1341 vid.
904 1302 1083 1341 Isthmia
1105 1301 1225 1342 Pind.
1248 1301 1329 1340 Od.
1351 1302 1425 1341 VI.
1444 1302 1490 1339 in
1512 1301 1651 1355 princ.

178 1367 276 1393 cum
295 1353 499 1398 Scholiis.
530 1356 700 1398 Vonsr.
759 1358 894 1412 Eurip.
918 1358 1146 1399 Phoeniss.
1172 1361 1293 1402 1752.
1324 1358 1492 1399 SOLAN,

290 1410 394 1451 Ead.
414 1413 444 1450 l.
465 1417 505 1455 9.
538 1414 741 1467 Δευτὲρου
770 1412 996 1469 κρατῆρος)
1030 1415 1118 1452 Aut
1150 1413 1195 1452 id
1223 1429 1245 1453 a
1274 1413 1571 1455 combibonibus
1601 1430 1652 1454 ac

179 1468 545 1508 commessatoribus
573 1473 847 1524 translatum,
880 1481 955 1509 aut
976 1468 1030 1509 ad
1064 1469 1328 1523 clepsydram
1357 1469 1652 1523 rejiciendum.

177 1525 325 1564 Bnon.
385 1524 536 1577 Specie
559 1526 793 1579 proverbii.
851 1527 924 1566 De
946 1525 1134 1566 secundo
1167 1536 1327 1567 cratere
1351 1525 1483 1579 Long.
1509 1525 1583 1565 lib.
1608 1533 1649 1571 3.

177 1582 382 1620 Pastoral.
404 1582 563 1622 Achill.
583 1584 670 1624 Tat.
686 1583 760 1622 lib.
773 1587 811 1626 2.
843 1584 1021 1624 Bonan.
1079 1582 1282 1622 Alludere
1298 1582 1469 1622 videtur
1490 1581 1540 1621 ad
1564 1597 1653 1622 mo-

178 1651 266 1677 rem
287 1647 499 1688 veterum,
534 1638 609 1692 qui
635 1639 818 1691 primum
840 1649 1042 1679 craterem
1071 1638 1202 1678 alicui
1222 1640 1417 1679 Deorum
1433 1638 1650 1689 libabant,

179 1707 203 1733 a
223 1693 412 1734 secundo
438 1704 580 1734 autem
598 1695 947 1749 auspicabantur.
981 1696 1151 1734 SOLAN.

294 1749 401 1789 Ῑόἰίῖ.
434 1753 593 1803 Κρατ.)
621 1751 888 1806 Συμπόσιον]
929 1751 1028 1792 Vid¹
1065 1751 1225 1790 Erasmi
1255 1750 1392 1805 Adag·
1419 1750 1489 1794 τὸν
1521 1754 1654 1806 τρίτον

178 1811 236 1865 τῷ
261 1813 424 1861 σωτῆρι.
482 1809 650 1847 Primus
671 1819 806 1849 crater
829 1808 881 1848 ad
905 1808 1020 1848 sitim
1041 1818 1230 1859 sumtus,
1263 1808 1364 1849 Jovi
1396 1808 1652 1862 Olympico:

179 1863 393 1904 secundus
411 1863 464 1903 ad
483 1863 743 1904 hilaritatem
759 1899 768 1915 ‚
801 1865 1028 1905 heroibus:
1061 1865 1214 1905 tertius
1234 1864 1286 1903 ad
1309 1864 1555 1905 ebrietatem
1571 1879 1657 1905 ser-

180 1920 325 1962 vatori
346 1935 420 1960 seu
444 1921 696 1974 sospitatori
715 1921 960 1971 dicabatur,
991 1930 1041 1959 ut
1059 1935 1113 1960 ex
1133 1921 1306 1961 crateris
1329 1921 1446 1961 tertii
1465 1931 1573 1975 potu
1591 1921 1657 1975 ip-

181 1991 253 2016 sos
284 1987 523 2030 oenopotas
552 1978 604 2016 ab
635 1977 840 2018 ebrietate
863 1977 1116 2017 vindicaret.
1147 1977 1319 2017 Vonsw.
1379 1976 1573 2029 Phrasis,
1604 1987 1656 2017 ut

178 2032 373 2085 Interpp.
392 2037 560 2085 volunt,
586 2049 607 2073 a
627 2034 796 2074 secundo
817 2046 973 2084 cratere,
1004 2033 1049 2071 in
1072 2033 1284 2072 conviviis
1306 2034 1467 2087 posito,
1490 2033 1655 2073 desum-

180 2100 238 2129 ta.
298 2089 417 2129 Idem
440 2090 589 2143 itaque
609 2100 694 2139 est,
728 2091 851 2145 quasi
873 2091 989 2130 dicat
1011 2090 1319 2143 Philosophia:
1352 2105 1428 2144 age
1448 2093 1555 2144 jam,
1588 2089 1655 2128 hi-

179 2145 312 2186 larius
332 2147 528 2201 agamus!
563 2148 693 2187 SEYB.
756 2147 894 2186 Virtus
912 2146 1017 2186 haec
1040 2146 1167 2197 dicit,
1199 2146 1269 2185 cui
1297 2147 1444 2186 nescio
1470 2161 1522 2184 an
1558 2146 1655 2185 talis

180 2203 453 2253 acclamatio,
488 2206 655 2257 qualem
678 2203 895 2259 Seybolclus
914 2207 1031 2251 vult,
1065 2203 1206 2241 minus
1223 2202 1488 2242 convenerit.
1527 2202 1657 2242 Nihil

182 2259 362 2298 omnino
383 2260 667 2312 proverbialis
687 2259 793 2300 haec
811 2260 979 2299 locutio
1001 2258 1229 2313 significat,
1263 2273 1386 2312 quam
1405 2257 1511 2297 hoc:
1543 2259 1657 2297 Non-

181 2314 276 2353 dum
297 2315 520 2355 absolutum
541 2327 597 2355 est
614 2319 809 2370 negotium
840 2327 1035 2356 nostrum:
1064 2331 1273 2369 pergamus
1294 2317 1382 2369 jam
1407 2313 1462 2352 acb
1489 2313 1654 2353 alierum

181 2370 376 2411 dramatis
397 2375 521 2412 nostri
538 2384 683 2412 actum.
741 2373 813 2411 Sic
833 2373 921 2412 fere
943 2374 1068 2411 etiam
1091 2371 1278 2410 Belinus:
1308 2371 1479 2410 Passons
1500 2371 1524 2408 (ἱ
1542 2370 1583 2410 Za
1599 2387 1655 2409 sc-

181 2428 306 2467 conde
321 2431 450 2483 partie
472 2428 519 2468 sle
542 2441 651 2469 notre
672 2428 885 2484 operation.
917 2429 1009 2468 Nec
1039 2427 1284 2468 Wielamlius
1305 2426 1505 2465 dissentit
1520 2458 1531 2477 ‚
1564 2441 1655 2468 ver·

180 2493 298 2523 tens:
330 2485 471 2525 Unser
490 2485 698 2525 Geschzift
720 2486 777 2524 ist
795 2484 908 2524 noch
932 2484 1055 2523 nicht
1077 2499 1128 2522 zu
1148 2483 1284 2522 Ende.
1317 2483 1475 2523 LnuM.

294 2541 397 2582 Ead.
418 2545 447 2582 1.
469 2547 535 2587 13.
566 2541 822 2596 Συλλογισμὲ)
853 2542 967 2592 Apta
986 2540 1090 2579 huic
1107 2539 1168 2578 rei
1188 2539 1437 2593 Syllogismi
1458 2552 1653 2591 persona,

183 2606 272 2636 tum
296 2597 413 2651 quod
431 2598 656 2638 familiaris
678 2597 955 2652 philosophis
970 2627 981 2645 ,
1016 2606 1104 2635 tum
1125 2605 1300 2648 propter
1319 2605 1493 2648 etymon
1508 2625 1519 2644 ,
1553 2595 1654 2650 quia

183 2653 452 2694 collectionem
470 2664 606 2694 notat.
633 2656 772 2695 GnsN.
803 2655 898 2709 Ego
920 2652 1090 2709 quidem
1112 2652 1373 2705 Syllogismo
1393 2665 1524 2704 puero
1536 2665 1653 2704 prae-

185 2711 305 2749 conis
328 2725 482 2751 munus
501 2711 822 2752 condonassem.
858 2725 936 2751 nec
953 2708 1097 2752 callide
1115 2707 1216 2748 satis
1235 2707 1279 2746 id
1298 2708 1492 2762 perfecit.
1525 2708 1653 2748 Snrn.
