1781 3174
213 189 312 237 454
569 198 1324 233 AnNo‘rArionsss

213 300 396 356 phontem
426 296 591 339 dederit
616 295 1063 350 Humphr.P1-zdeauoe
1091 295 1146 336 ad
1171 297 1223 336 A.
1257 306 1354 336 ante
1385 296 1466 337 Ch.
1495 295 1553 337 Ν.
1583 298 1680 341 530.

218 357 292 395 ubi
327 356 495 411 eglegia
533 353 705 394 doctiss.
748 352 1011 407 Driebergius.
1079 354 1291 394 Dicemus
1325 352 1379 393 ad
1416 351 1696 394 Macrobius.

220 414 402 452 Hssmsr.

330 467 434 508 Ead.
457 470 484 506 l.
506 472 546 510 2.
572 461 642 514 Ἐς
660 461 817 521 ἇσκόν)
850 465 1063 520 Justin.1‚
1085 472 1125 512 8.
1155 468 1322 509 SOLAN.

333 524 437 565 Ead.
465 527 495 563 1.
525 528 563 567 6.
598 517 859 572 Zizoatra-:ivae
889 522 960 565 τὸν
969 521 1129 576 Ἀπιν)
1169 523 1388 574 Justin.1,
1421 526 1463 566 9.
1513 522 1684 563 Sonus.

224 580 418 621 Hemodot
437 580 533 627 III,
557 583 623 622 28.
642 583 708 622 29,
743 579 794 619 de
815 579 1035 633 ejusdem
1024 579 1192 620 insania
1212 594 1334 634 capp.
1359 592 1452 634 sqq.
1474 577 1525 619 de
1549 589 1689 618 morte

223 637 409 690 denique
429 636 551 675 fatali
573 651 606 674 c.
628 641 695 680 64.
719 650 810 691 sqq.
841 636 998 675 Lanu.

333 692 439 731 Εαίῖ
469 689 1001 748 1.8.Τπεοφρονοῦυτας)
1031 692 1110 732 Vel
1136 691 1447 759 Xenophontis'
1435 706 1480 730 m
1509 692 1690 746 gratiam

223 748 473 789 eximendus
504 758 594 788 erat
611 763 663 789 ex
688 749 770 788 hoc
801 763 979 788 numero
1006 748 1166 802 Cyrus,
1201 763 1323 803 quem
1355 743 1584 799 ἀνθρώπων
1613 765 1691 789 πα-

221 808 313 859 τὲοα
342 805 476 843 fuisse
505 805 666 844 dictum
699 806 864 844 ferunt:
895 806 1066 847 Pausan.
1087 805 1210 845 VIII.
1237 819 1275 858 p.
1298 809 1395 848 690
1435 807 1691 858 Exemplum

223 861 329 901 boni
353 861 583 914 civilisque
601 876 690 901 non
716 862 869 907 minus,
903 876 1026 916 qnam
1045 862 1231 913 strenui,
1263 863 1376 914 regis
1394 861 1550 912 passim
1576 859 1691 913 apud

222 927 386 957 veteres
408 918 679 970 proponitur.
734 918 854 958 leo
874 917 924 957 de
945 919 1042 957 LL.
1068 918 1149 956 ΙΙΙ.
1174 932 1213 970 p.
1237 921 1332 962 815.
1368 918 1549 957 HEMs‘r.
1610 917 1691 955 Ni·

221 974 458 1012 hilominus
480 976 571 1026 jure
593 988 670 1013 suo
694 975 820 1013 etiam
843 974 958 1013 hunc
985 975 1106 1014 vellit
1125 974 1354 1021 Lucinam,
1387 972 1598 1026 siquidem
1619 987 1691 1012 ve·

222 1044 267 1069 ra
291 1040 402 1080 sunt
429 1045 536 1083 quae
559 1030 786 1070 Herodotus
807 1040 950 1069 narrat
970 1029 1053 1070 de
1044 1031 1112 1078 iis,
1145 1044 1250 1083 quae
1271 1031 1430 1081 Cyrum
1463 1027 1514 1067 ad
1535 1029 1691 1069 bellum

222 1087 479 1154 Biassagetis
503 1087 773 1126 inferendum
794 1088 1079 1126 moverintL.
1102 1087 1136 1125 I.
1160 1101 1194 1126 c.
1209 1092 1304 1130 204.
1339 1086 1384 1123 in
1405 1085 1561 1139 quibus
1583 1090 1694 1141 πρῶ·-

223 1160 294 1184 τον
299 1161 387 1212 μὲν
407 1161 433 1195 η
457 1144 628 1197 γένεσις,
659 1143 703 1185 τὸ
728 1145 882 1185 δοκέειν
915 1144 1036 1185 πλέον
1059 1160 1097 1184 τι
1126 1141 1228 1185 εἶναι
1256 1139 1499 1195 ἀνθρώπου·
1532 1140 1697 1194 δεύτεροι

225 1200 267 1241 οὲ
287 1196 312 1251 ἡ
336 1215 439 1240 svn
430 1203 492 1252 χίη
512 1199 574 1251 ἦ.
587 1199 661 1240 ατὰ
682 1198 775 1248 voig-
794 1201 890 1242 now
873 1217 993 1252 εμους
1014 1201 1203 1254 γενομένη
1225 1209 1305 1238 etc.
1368 1200 1436 1237 En
1457 1197 1536 1236 tibi
1557 1198 1695 1236 homi-

225 1269 322 1293 nem
345 1255 566 1308 supenbiae
585 1257 695 1308 Pol)
699 1266 886 1308 crateae,
921 1257 1140 1308 Croeseae,
1170 1255 1456 1307 IMilonianae,
1487 1253 1603 1292 haud
1622 1268 1697 1308 pa·

225 1326 318 1350 rum
347 1313 609 1352 consortem!
650 1313 808 1352 Luam.

342 1367 441 1408 End.
461 1370 487 1406 l.
509 1373 575 1411 11.
620 1365 879 1422 Πορφυρᾶν)
920 1368 1154 1424 Πορφυράν
1185 1377 1309 1408 antea
1344 1365 1552 1420 scriptum
1582 1375 1696 1416 erat,

225 1433 275 1462 ut
294 1433 335 1464 et
358 1424 452 1464 adv.
477 1424 647 1464 Indoct.
671 1440 704 1463 c.
728 1430 766 1468 7.
800 1426 970 1466 SOLAN.

341 1479 445 1518 Ibz'cl.
475 1477 773 1534 Ἐφεστρὶὁα)
769 1483 817 1523 Ο
834 1500 905 1535 την
928 1484 1148 1534 ποοφυρᾶι
1169 1481 1321 1533 ἐσθῆτα
1341 1481 1435 1532 ἕμπ..
1422 1481 1699 1534 ποοπημένος

224 1536 462 1590 legendum
498 1537 674 1579 GnAm
736 1542 969 1593 Ποοφυοᾶφ
992 1538 1084 1575 sine
1110 1537 1271 1577 dubio:
1303 1537 1429 1576 etiam
1455 1537 1559 1576 alibi
1583 1535 1698 1589 apud

226 1593 415 1631 Nost-rum
438 1593 635 1632 similiter
654 1604 900 1647 peccatum,
937 1603 986 1631 ut
1014 1593 1183 1634 Timon.
1218 1608 1252 1634 c.
1273 1598 1341 1636 20.
1401 1591 1484 1632 Sed
1516 1607 1590 1631 cur
1619 1607 1696 1646 pro

226 1650 438 1700 ἐφεστρίδα
463 1649 651 1688 Graevius
676 1650 901 1704 legendum
927 1652 1141 1703 putaverit
1160 1652 1312 1702 ἐσθῆτα
1334 1649 1450 1699 (nisi
1481 1649 1593 1688 forte
1625 1663 1701 1688 er—

225 1718 298 1743 ror
327 1714 389 1743 est
418 1705 660 1757 scribendi,
692 1710 760 1746 vel
786 1708 1067 1756 memoriae),
1095 1720 1183 1745 non
1206 1705 1478 1759 intelligitur.
1527 1709 1700 1758 Πορφυ-

227 1766 280 1813 ρᾶ
299 1762 482 1815 ἐφεστρις
504 1761 615 1801 idem
638 1771 725 1809 est
759 1763 874 1815 quod
901 1762 1012 1800 infra
1033 1771 1138 1800 extr
1159 1776 1249 1814 cap.
1281 1761 1508 1814 ποοφυρὶς,
1541 1762 1701 1800 amicu-

225 1820 312 1856 lum
334 1831 617 1870 purpureum,
650 1819 821 1872 insigne
846 1818 1011 1856 scilicet
1030 1817 1206 1872 regium.
1238 1819 1394 1856 Mortt.
1414 1817 1549 1854 Diall.
1571 1817 1633 1864 X,
1655 1822 1696 1861 4.

226 1874 287 1913 in.
321 1873 605 1926 Lampichus‚
639 1875 885 1913 Gelensium
909 1883 1144 1926 tyrannus,
1179 1873 1337 1913 dicitur
1366 1869 1388 1914 ὅ
1409 1870 1480 1926 τὴν
1501 1876 1702 1928 ποοφυρί-

230 1933 302 1979 δα,
342 1932 423 1969 int.
465 1931 580 1982 ἔχων,
620 1940 662 1970 et
692 1931 894 1984 deinceps
937 1930 983 1967 in
1023 1930 1114 1970 ead.
1147 1930 1184 1984 ᾗ,
1220 1945 1242 1968 a
1274 1928 1495 1969 Mercurio
1529 1928 1701 1982 jubetur

232 1985 444 2051 deponere
465 1985 509 2028 τὸ
530 1984 719 2040 διάδημα,
752 1988 817 2028 καὶ
837 2003 912 2039 την
939 1988 1163 2039 ἐφεστρίδα,
1195 2000 1301 2041 quae
1323 1984 1494 2038 quidem
1517 1986 1704 2040 ἕφεστρις

232 2045 313 2095 jam
336 2041 446 2082 idem
470 2042 579 2081 illud
601 2058 860 2096 purpureum
886 2043 1113 2082 amiculum
1136 2051 1220 2093 est,
1253 2041 1369 2096 quod
1388 2050 1511 2080 antea
1537 2041 1702 2082 diceba-

231 2107 302 2136 tui
329 2102 547 2152 πορφυοίς.
579 2100 736 2138 Lnxrm.

344 2154 498 2194 Εαᾱ.1.
526 2161 591 2198 12.
617 2153 671 2198 ‘O
694 2153 737 2197 τὸ
770 2152 971 2208 διάδημα)
1017 2154 1160 2194 Scribe
1188 2157 1218 2211 ῷ
1250 2153 1293 2197 τό
1325 2151 1512 2206 διάδημα.
1553 2155 1699 2199 Bnon

233 2209 352 2249 Idem
376 2220 516 2250 tamen
540 2212 744 2251 Brodaeus
759 2225 884 2264 supra
908 2215 946 2260 9.
968 2216 1008 2254 9.
1049 2210 1100 2249 ad
1121 2212 1245 2250 verba
1270 2209 1342 2264 τὴν
1359 2208 1404 2252 τὸ
1423 2215 1627 2276 τριπλοῦν
1630 2217 1703 2253 τεῖ-

232 2283 303 2318 χυς
324 2277 433 2305 recte
459 2267 743 2307 subaudivit'
732 2269 925 2320 ἔχουσαν,
969 2267 1045 2305 ubi
1075 2265 1164 2307 vid.
1195 2266 1354 2307 Adnot.
1417 2266 1535 2320 Quid
1570 2267 1704 2321 igitur

234 2321 277 2359 h.
304 2324 331 2361 1.
359 2326 471 2374 vult,
503 2323 547 2361 in
569 2338 612 2363 re
634 2323 708 2363 vix
730 2324 807 2362 uni
829 2324 1005 2364 Luciam·
1026 2325 1234 2362 lectorum
1256 2323 1420 2378 ignota,
1450 2325 1518 2363 vel
1539 2322 1702 2363 dubia?

235 2379 392 2418 me.

353 2433 454 2475 Ibzd.
496 2433 749 2491 Δακτύλων)
790 2435 1024 2476 Notissima
1062 2433 1200 2474 doctis
1236 2444 1300 2474 est
1331 2434 1536 2487 historia,
1577 2449 1704 2489 quam

238 2489 443 2529 Lucienus
461 2491 539 2529 hic
556 2493 679 2545 quasi
711 2493 755 2530 in
787 2492 940 2531 tabella
972 2490 1322 2530 artificiosissime
1352 2491 1510 2543 pictam
1541 2505 1704 2545 propo-

239 2546 318 2583 nit.
383 2547 485 2584 Eam
507 2559 645 2586 autem
667 2549 709 2586 in
734 2549 922 2587 tironum
945 2547 1145 2602 gratiam,
1179 2546 1333 2600 quibus
1352 2545 1403 2585 ad
1425 2561 1594 2586 manum
1613 2562 1703 2587 non

239 2611 303 2641 est
324 2601 573 2653 Herodotus,
605 2606 751 2656 paucis
773 2604 962 2642 nar1·.abo
1020 2605 1264 2654 Polycrates
1295 2603 1339 2640 in
1365 2603 1563 2642 omnibus
1599 2618 1704 2657 pro-

240 2670 372 2711 spera
382 2672 484 2695 usus
507 2659 681 2698 fortuna
718 2669 913 2699 monetur
935 2659 985 2698 ab
1004 2659 1149 2697 Amasi
1181 2659 1369 2712 Aegypti
1393 2673 1513 2714 rege,
1545 2669 1594 2698 ut
1615 2660 1702 2698 for-

242 2723 385 2751 tunam
406 2730 494 2751 saer
498 2730 518 2751 o
539 2714 683 2753 laetam
706 2718 856 2769 negotio
882 2718 1044 2768 placet
1077 2728 1120 2754 re
1142 2723 1230 2753 tum
1251 2715 1582 2768 pretiosissima,
1613 2724 1702 2754 tum
