1781 3174
209 210 309 258 622
558 209 1322 248 'ADNOTATIONES

209 323 365 361 stultos
385 314 570 370 pudore,
603 311 809 362 afficeret,
840 308 1038 350 videntes
1058 309 1179 359 inde,
1212 325 1301 349 non
1325 310 1430 351 adeo
1451 308 1613 365 flagitia
1634 318 1677 349 et

209 380 366 417 scelera
396 370 597 411 abscondi
628 373 713 408 ulla
755 378 841 408 arte
873 382 1019 420 posse,
1061 368 1164 421 quin
1195 379 1290 420 post
1324 377 1501 407 mortem
1530 370 1677 406 saltem

211 431 457 473 certissimis
486 427 619 477 signis
651 436 691 465 et
723 425 991 464 documentis
1027 424 1181 476 aperiri
1210 435 1251 463 et
1278 425 1476 479 dignosci
1498 425 1678 477 possint.

209 491 400 530 Omnino
428 485 606 540 pessime
637 493 799 532 errant,
835 482 909 534 qui
942 481 1165 520 Lucianum
1199 497 1355 521 merum
1386 495 1567 519 scurram
1596 481 1680 519 ha·-

207 548 334 596 bent⁷
370 559 491 597 quern
522 540 648 578 unice
674 540 832 591 juverit
862 538 968 576 alios
998 537 1212 578 deridere:
1246 539 1330 577 imo
1362 537 1508 591 potius
1533 538 1675 587 etiam,

208 604 284 642 ubi
307 601 432 649 ridet,
468 597 743 653 gravissimus
765 604 829 633 est
852 609 974 633 verae
996 594 1231 647 sapientiae
1253 605 1514 647 praeceptor,
1547 595 1680 633 vitae-

210 674 292 713 que
315 658 402 696 dux
424 655 537 694 haud
563 653 793 707 indignus,
827 666 950 705 quem
981 666 1076 689 cum
1099 665 1199 689 sana
1225 652 1395 705 quidem
1422 651 1589 690 ratione
1610 665 1681 690 se-

209 715 365 771 quaris.
406 715 562 752 LEnM.

322 770 425 811 Εαιῖ.
445 773 471 810 l.
498 776 562 812 13.
604 762 867 821 Στιγμάτων)
901 767 1014 820 Lege
1043 764 1148 804 Plnt.
1178 780 1220 805 π.
1250 768 1328 806 τῶν
1357 769 1419 821 βρ.
1451 782 1529 819 τιμ.
1557 770 1679 809 1002.

209 829 284 868 ubi
318 824 626 881 propemodum
664 824 821 861 similia
852 823 1065 872 invenies,
1112 831 1152 860 et
1181 821 1231 860 de
1261 821 1382 861 vario
1423 825 1680 861 macularum

211 899 364 941 genere
396 887 543 937 plura‚·
576 891 617 921 et
643 880 848 919 Platonem
881 879 923 916 in
954 878 1115 932 Gorgia
1147 883 1241 923 313.
1271 879 1319 920 C.
1348 880 1406 919 D.
1433 889 1476 919 et
1503 884 1598 923 312.
1629 879 1681 921 G.

209 942 300 983 vid.
322 940 447 980 Βνοιῖ.
472 939 553 982 Th,
579 938 685 976 Crit.
709 938 754 976 P.
779 942 828 986 2,
852 939 946 979 457·
991 937 1160 975 SOLAN.

324 998 421 1051 Pag.
444 1001 540 1040 220.
563 998 589 1033 l.
612 997 650 1038 5.
686 997 863 1045 Κηλῖδας
881 995 921 1034 ἐκ
942 991 1012 1044 τῆς
1031 994 1187 1045 ψυχῆς)
1209 987 1416 1040 ”Ονει.δος.
1475 992 1546 1033 Sic
1567 1002 1682 1032 recte

208 1056 321 1095 hanc
346 1069 492 1094 vocem
514 1051 565 1090 ad
590 1060 769 1090 mentem
787 1051 963 1089 Luciam·
983 1051 1291 1100 interpretatur
1310 1049 1480 1102 Hesych.
1507 1050 1583 1103 qui
1603 1048 1683 1089 hac

210 1115 256 1152 in
281 1126 386 1151 voce
417 1107 667 1149 consulend,
716 1108 899 1159 Interpr.
923 1106 1133 1159 Aristop'h.
1167 1104 1282 1145 Suid.
1313 1106 1393 1143 alia
1420 1115 1483 1145 est
1508 1109 1683 1158 κηλίδων

211 1169 406 1221 acceptio
440 1167 544 1205 alibi
576 1163 688 1216 apud
717 1164 886 1205 Lucian.
929 1164 1106 1204 Bonan.
1177 1161 1344 1216 Quodsi
1374 1164 1515 1201 locum
1547 1165 1682 1204 Amor.

211 1242 248 1267 c.
275 1231 339 1269 15.
370 1222 651 1264 Rom-‹lelozius
676 1221 820 1259 innuit
851 1245 903 1251 —
936 1219 1094 1258 amavit
1120 1231 1258 1257 autem
1283 1218 1355 1257 ille
1374 1219 1559 1258 incertas
1583 1219 1685 1258 cita·

210 1284 352 1322 tiones
383 1305 440 1312 --
469 1289 600 1319 errat:
635 1292 731 1316 nam
763 1277 824 1315 ibi
854 1291 940 1315 non
969 1277 1052 1314 alia
1085 1285 1147 1315 est
1177 1274 1306 1329 hujus
1335 1276 1454 1315 vocis
1477 1286 1682 1329 potestas,

212 1354 335 1393 quarn
358 1338 399 1377 h.
418 1341 445 1378 l.
490 1338 647 1375 me.
1630 1353 1633 1354 ν

323 1394 426 1433 Ead.
461 1396 491 1433 1,
512 1398 550 1436 7.
588 1390 785 1446 Ἀγαθῷ)
827 1389 999 1442 Aliquid
1028 1388 1079 1427 de
1114 1387 1252 1427 verbis
1287 1387 1447 1440 Cynici
1476 1388 1687 1427 excidisse

209 1451 393 1491 videtur.
441 1450 538 1488 Scio
561 1447 773 1501 equidem,
799 1460 922 1500 posse
945 1447 1086 1484 bonum
1107 1445 1240 1483 hocce
1262 1445 1494 1483 remedium
1516 1444 1566 1483 de
1588 1445 1684 1496 phi-

209 1507 409 1561 losophia
442 1505 651 1558 intelligi,
685 1504 768 1543 sed·
790 1518 895 1558 vaga
927 1503 1053 1540 nimis
1091 1503 1163 1540 illa
1195 1502 1332 1542 notio.
1392 1501 1535 1552 Adde,
1569 1501 1683 1555 quod

212 1579 290 1618 pro
318 1557 696 1618 ofitog—legendum
729 1555 759 1600 (5
791 1560 909 1608 οὗτος
937 1559 1174 1615 necessario
1206 1566 1280 1597 est,
1313 1558 1482 1598 SoLAN.
1543 1558 1684 1597 Nihili

211 1621 330 1660 haec.
399 1620 527 1667 Οὗτος
548 1617 800 1669 simpliciter
822 1631 898 1669 pro
923 1617 952 1656 ὠ
977 1614 1092 1662 οὗτος
1112 1614 1271 1652 dictum
1297 1614 1425 1652 etiam
1445 1629 1571 1667 supra
1597 1620 1684 1657 c.9.

212 1687 321 1717 extr.
352 1686 393 1716 et
424 1681 486 1719 18.
523 1674 732 1723 occurrit,
765 1683 807 1712 et
839 1672 1023 1724 saapius.
1078 1667 1266 1725 Ἀγαθὸύ
1298 1681 1438 1710 autem
1470 1669 1686 1724 φάρμακον

213 1732 433 1786 quomodo
460 1731 675 1770 offendere
703 1731 903 1782 potuerit,
936 1742 1107 1779 prorsus
1129 1725 1326 1780 equidem
1344 1741 1432 1765 non
1454 1728 1682 1781 perspicio.

217 1790 323 1830 Utile
343 1800 405 1829 est
426 1788 656 1836 remedium,
690 1798 822 1840 aptum
842 1785 1020 1826 consilio.
1053 1785 1211 1822 LEHM.

327 1846 428 1885 Eacl.
450 1849 476 1887 1.
499 1851 538 1889 8,
558 1843 714 1885 ”Απιθι
736 1842 844 1897 etc.)
875 1839 1224 1882 Rhadamanthus
1237 1840 1451 1894 Cynisco:
1471 1839 1627 1883 ”Amen
1649 1842 1688 1889 ἒς

210 1901 283 1952 τὰς
302 1901 495 1958 μακάρωγ
516 1900 691 1950 νήσους,
724 1906 807 1947 τοῖς
828 1896 1006 1953 ἀρίστοις
1027 1894 1303 1948 συνεσόμενος.
1344 1898 1625 1953 κατηγορήσας
1643 1916 1688 1952 γε

212 1959 414 2014 πρότερον
437 1959 484 2000 οὐ
507 1958 588 2016 φῂς
605 1956 828 2010 τυράννου,
861 1954 1007 2003 ἄλλους
1027 1955 1253 2006 προςκὰλει.
1299 1955 1432 1993 Prava
1460 1954 1685 1993 distinctio

213 2017 331 2056 hunc
355 2020 494 2055 locum
516 2015 758 2067 occupavit.
821 2016 885 2052 Tu
905 2013 964 2051 sic
987 2012 1224 2065 distingue:
1242 2008 1391 2052 ”Amat
1411 2013 1450 2060 ἐς
1469 2009 1539 2060 τὰς
1557 2009 1688 2066 μακά-

215 2092 298 2128 ρων
330 2071 505 2129 νῄσους,
537 2078 620 2119 τοῖς
651 2069 828 2124 ἀρίστοις
855 2066 1141 2121 συνεσόμενος,
1174 2067 1454 2123 κατηγορήσας
1483 2085 1527 2123 γε
1547 2067 1687 2123 πρότε·

215 2149 288 2186 ρον
314 2130 362 2173 οὗ
384 2130 464 2186 φῂς
482 2126 703 2182 τυράννου.
737 2126 881 2175 ἄλλους
903 2124 1128 2179 προςκάλει.
1175 2125 1255 2163 Illa
1277 2125 1390 2164 enim
1408 2123 1688 2180 κατηγορήσας

213 2205 256 2244 γε
277 2199 355 2229 etc.
383 2187 600 2240 pertinent
628 2184 679 2222 ad
703 2184 930 2222 membrum
955 2182 1232 2235 praecedens:
1266 2182 1369 2220 haec
1391 2197 1507 2231 vero,
1543 2181 1688 2230 ἄλλους

215 2243 454 2298 προςκάλει,
490 2257 576 2281 non
599 2240 704 2279 dicit
726 2238 1079 2278 Rhadamanthus
1103 2238 1291 2290 Cynisco
1308 2270 1319 2287 ‚
1352 2238 1423 2276 sed
1447 2239 1683 2285 Mercurio,

213 2305 335 2354 cujus
362 2299 548 2339 officium
570 2307 659 2337 erat
674 2294 834 2354 ῥλλους
855 2301 1114 2350 προςκαλεῖυ·
1147 2305 1195 2332 ut
1217 2298 1363 2348 paullo
1387 2305 1485 2334 ante
1506 2293 1685 2332 Rhada-

212 2359 435 2407 manthus,
482 2354 528 2396 σύ
561 2356 623 2404 δὲ,
659 2355 686 2394 ai
716 2352 865 2406 Ἑρμῆ,
899 2352 1067 2405 κήρυττε
1097 2353 1163 2393 καὶ
1192 2350 1428 2401 apog-neila,
1463 2359 1504 2389 et
1536 2361 1684 2403 postea

213 2415 365 2453 iterum
393 2414 443 2452 ad
477 2412 766 2460 RTercurimn,
798 2409 868 2452 τὸν
890 2407 1087 2460 τύραννον
1115 2406 1192 2461 ’ἤδη
1213 2407 1435 2460 προς-κάλει.
1497 2407 1581 2445 Hic
1603 2422 1687 2446 au—

214 2481 297 2511 tem
321 2471 528 2522 iwicyllus
553 2482 639 2506 non
666 2467 933 2520 exspectavit
953 2466 1163 2504 Mercurii
1185 2464 1469 2512 vocationem,
1499 2464 1571 2502 sed
1594 2478 1685 2503 eam

214 2528 458 2581 praevenit,
489 2536 530 2564 et
550 2528 662 2562 ultro
685 2538 728 2562 se
758 2522 893 2562 offert.
927 2523 982 2561 L.
1009 2521 1115 2562 Bos.
1181 2520 1282 2573 Cap.
1304 2525 1369 2564 23.
1395 2518 1606 2572 Cyniscus
1631 2519 1684 2559 ad

217 2584 401 2639 judicem
437 2583 623 2623 dixerat:
682 2580 853 2627 Πάντως
893 2578 1086 2633 βούλομαι
1124 2580 1395 2630 κατηγορῆσαί
1424 2594 1570 2626 τινος
1602 2587 1681 2617 etc.

217 2641 317 2682 ,Non
345 2640 641 2692 designaverat
676 2637 808 2690 igitur
828 2648 1031 2686 tyrannum
1053 2649 1165 2673 reum
1188 2634 1392 2673 futurum.
1455 2634 1570 2687 Ergo
1594 2647 1681 2671 non

217 2708 387 2751 poterat
420 2710 533 2733 nunc
556 2692 906 2732 Rhadamanthus
932 2692 1091 2730 dicere:
1124 2688 1404 2744 κατηγορήσας
1428 2707 1470 2744 γε
1487 2681 1685 2742 εἷερὁερον

219 2747 271 2799 οὗ
302 2752 382 2813 φῂς
406 2748 620 2809 τυράννου.
681 2751 804 2790 Patet
829 2748 931 2788 hinc
952 2762 1099 2788 vocem
1117 2745 1320 2801 τυράννου
1341 2756 1506 2787 attento
1530 2744 1682 2786 lectori
