1781 3174
232 234 333 281 484
589 234 1346 271 ADNOTATIONES

349 339 457 382 Εαιῖ.
476 340 504 381 1.
525 341 565 381 7.
600 337 890 383 Πωλοῦσιτοΐς
910 328 1172 387 ἀνθρώποις)
1207 332 1373 375 Hesiod.
1396 338 1433 377 1.
1459 332 1588 388 oper,
1612 333 1698 373 Lu.

239 403 344 445 cian.
364 396 534 453 passim.
560 394 738 434 Bomio,

353 463 457 506 Eacl.
481 465 510 502 1.
537 466 576 505 8.
614 456 664 500 Τὸ
687 458 756 511 μὲν
773 453 837 512 ὖγ.
859 479 912 486 -
931 454 976 498 τό
1001 457 1041 498 δὲ
1060 454 1153 512 πλ.)
1191 456 1244 499 T&
1261 459 1346 498 Ms.
1373 459 1429 500 R.
1450 457 1610 512 ubique
1627 456 1701 496 hic

240 523 444 571 habebat,
477 527 519 557 et
546 525 672 556 recte.
704 516 874 554 Vonsw.
933 514 1188 553 Lectionem
1216 515 1327 553 hanc
1349 516 1435 554 Ms.
1461 517 1514 556 R,
1539 515 1583 551 in
1612 524 1704 553 tex..

243 593 335 622 tum
366 574 626 628 recepimus:
660 585 782 624 quem
812 569 1000 609 codicem
1033 585 1110 609 nos
1142 585 1242 609 sane
1271 585 1356 609 non
1392 570 1602 616 vidimuS,
1633 567 1707 608 sed

243 635 464 678 laudatum
487 630 533 667 in
554 628 742 682 margine
762 626 888 675 libri,
908 640 991 679 quo
1013 626 1212 665 utebatur
1234 628 1431 677 Vol-stim,
1459 627 1705 680 reperimus.

247 695 416 734 SOLAN.
474 686 621 731 Hicsst
639 682 833 738 proxime
857 682 968 720 infra
993 682 1044 721 ad
1066 683 1109 726 τὸ
1130 683 1201 737 μὲν
1221 683 1453 736 respondet
1469 683 1512 725 τὸ
1535 683 1587 724 δέ.
1618 681 1709 720 Ubi

245 761 349 791 vero
372 743 556 797 plurium
579 740 626 778 fit
648 739 935 786 enumeratio,
966 748 1064 791 post
1084 754 1216 777 unum
1236 741 1304 792 μὲν
1325 750 1388 779 ter
1408 749 1555 794 quater
1571 737 1709 792 sequi-

248 815 318 844 tur
344 803 407 852 δὲ,
429 799 495 838 uti
516 798 557 836 h.
579 800 604 838 1.
627 805 672 836 et
690 810 725 834 c.
750 799 815 838 14.
877 794 1180 834 Admonendus
1203 806 1341 835 autem
1367 806 1432 836 est
1450 798 1599 842 lector,
1618 807 1713 832 ver-

250 861 416 900 sionem
435 854 636 896 Latinam
670 851 948 902 compositam
973 865 1061 890 esse
1084 851 1133 890 ad
1157 852 1382 892 lectionem
1408 855 1622 905 vulgatam
1642 848 1714 891 τὸν

250 918 312 966 δὲ,
343 912 414 956 τὸν
434 912 497 961 δὲ,
530 923 608 951 nos
631 922 732 947 vero
756 907 905 946 Solam)
928 906 1261 947 obsecundantes
1284 907 1489 961 recepisse
1511 906 1554 949 τό
1576 908 1639 957 δὲ,
1668 903 1715 947 τὰ

253 974 296 1016 δὲ
317 981 396 1011 etc.
416 967 652 1008 versionem
677 974 815 1002 tamen
841 974 1003 1002 mutare
1030 965 1241 1014 noluisse,
1274 964 1372 1018 quia
1401 964 1446 1001 in
1466 977 1509 1001 se
1530 971 1715 1016 spectata

251 1041 422 1068 sensum
443 1024 492 1063 ab
512 1021 836 1061 menteLuciani
852 1033 939 1057 non
963 1017 1067 1058 adeo
1087 1019 1395 1073 discrepantem
1417 1019 1604 1060 exhibet.
1636 1016 1718 1057 Sed

253 1086 400 1124 forsan
430 1078 646 1120 videbitur
678 1075 899 1114 nonnullis
923 1084 1031 1114 stare
1061 1089 1184 1128 posse
1221 1079 1415 1130 vulgata,
1449 1074 1562 1130 quod
1598 1075 1656 1116 ἔνι
1677 1083 1721 1113 et

253 1143 401 1187 ἔνεστι,
434 1137 562 1176 etiam
595 1131 766 1187 quando
801 1132 890 1169 fere
910 1145 986 1183 pro
1018 1132 1138 1180 ἔξεστι
1163 1142 1408 1184 ponuntur,
1441 1145 1528 1170 non
1558 1144 1722 1184 semper

253 1196 444 1236 habeant
477 1190 723 1243 adjunctum
756 1186 969 1238 dativum,
1011 1188 1083 1227 sed
1116 1187 1309 1227 absolute
1340 1202 1464 1241 saepe
1488 1198 1719 1239 ponantur,

256 1259 461 1306 sequente
496 1245 770 1288 accusativo,
800 1252 850 1281 ut
884 1243 929 1281 in
963 1243 1110 1297 fragm,
1141 1244 1384 1294 Menandri,
1415 1245 1590 1283 Luciani
1618 1242 1721 1287 dial,

258 1306 450 1347 adnexis.
508 1302 564 1342 N.
585 1307 622 1345 8.
649 1300 694 1338 cle
713 1302 815 1349 vita,
849 1294 1075 1351 ἀμελοῦντα
1096 1305 1170 1342 τοῦ
1189 1304 1260 1358 ζῇν
1283 1296 1360 1342 οὐκ
1379 1296 1504 1342 ἔνεστ’
1526 1298 1725 1354 εὐσχημο-

255 1369 354 1408 νεῖν.
413 1361 586 1400 Lucifflt·
607 1355 657 1395 de
678 1356 871 1394 Parasito
895 1360 934 1404 §-
960 1361 1023 1399 16.
1045 1355 1118 1398 οὐκ
1148 1358 1253 1397 ἔστιν
1278 1355 1595 1409 εὐφραινόμενον
1613 1373 1722 1408 μαν-

257 1417 416 1462 θάνειν.
476 1413 676 1455 Βενηοετῖι.
698 1411 748 1449 de
771 1425 915 1450 coron.
937 1425 978 1463 p.
1002 1417 1098 1456 341.
1128 1411 1283 1467 (quem
1303 1412 1486 1452 adduxit
1504 1416 1602 1452 clar.
1622 1411 1724 1450 Els-

259 1493 340 1517 ner.
365 1473 417 1513 ad
435 1472 574 1511 Galat.
605 1469 691 1516 ΙΙΙ,
717 1467 814 1518 28.)
848 1465 922 1508 οὐκ
941 1469 999 1509 ἔνι
1018 1473 1160 1510 τοῦτον
1191 1466 1340 1510 εὔνουν
1360 1467 1464 1510 εἶναι
1483 1473 1534 1525 τῇ
1549 1470 1721 1522 πατρίδι.

259 1533 412 1584 Evang.
434 1528 537 1568 Luc.
558 1525 642 1574 VI,
671 1528 708 1566 4.
744 1521 816 1571 οὓς
847 1521 922 1564 οὐκ
952 1525 1071 1573 ἔξεστι
1102 1531 1272 1579 φαγεῖν,
1306 1527 1341 1566 εἰ
1369 1523 1422 1578 μὴ
1451 1525 1604 1579 μόνους
1629 1524 1727 1572 τοὺς

261 1592 390 1641 ΐερεῖς.
466 1578 825 1637 Quandoquidem
856 1589 897 1618 et
925 1581 1074 1619 Latini
1114 1580 1242 1620 verbo
1280 1580 1371 1620 licet
1406 1580 1554 1621 eodem
1595 1580 1724 1619 modo

260 1652 458 1690 utuntur,
491 1646 696 1690 sequente
725 1635 970 1674 accusativo
991 1652 1208 1688 personae,
1242 1646 1290 1681 ut
1314 1637 1463 1676 Tibull.
1488 1638 1532 1686 Ῑ,
1555 1637 1634 1676 ΧῙ.
1655 1636 1724 1680 45.

260 1701 405 1741 Liceat
432 1693 631 1746 -facta
658 1691 798 1744 refi¹rre
827 1691 1037 1731 SENEM.
1100 1693 1213 1745 [fit-g.
1235 1694 1326 1731 Ecl.
1348 1694 1392 1741 I,
1423 1698 1491 1736 40.
1523 1718 1580 1725 -——-
1610 1710 1728 1748 neque

263 1757 419 1795 servitio
445 1750 536 1791 ME
555 1751 665 1787 exire
691 1747 849 1786 licebat.
910 1749 968 1785 Et
992 1747 1070 1789 Cic.
1095 1749 1169 1789 VI.
1195 1748 1243 1786 ad
1272 1750 1371 1787 fam.
1392 1755 1460 1792 21.
1489 1753 1637 1789 utinam
1669 1750 1729 1788 li·-

265 1822 351 1852 ceat
372 1804 589 1862 aliquando
614 1803 748 1858 aliquo
768 1805 861 1855 reip.
883 1814 988 1842 statu
1017 1804 1132 1844 NOS
1150 1805 1259 1860 frui.
1320 1805 1400 1844 Sed
1423 1806 1599 1852 frustra;
1631 1820 1728 1844 nam

266 1867 347 1907 etsi
370 1867 507 1912 ἔνεστι,
537 1860 607 1902 τὸν
626 1860 905 1913 μὲνπρίασθαι
927 1861 1028 1898 ferri
1047 1863 1206 1913 possit3
1236 1871 1390 1910 tamen,
1425 1862 1522 1915 quia
1545 1871 1644 1914 post
1664 1872 1729 1900 ter

266 1921 496 1976 repetitum
516 1915 611 1968 τὸν,
643 1915 688 1953 in
716 1914 911 1954 omnibus
942 1915 1035 1957 edd.
1057 1927 1208 1971 quarto
1235 1919 1331 1956 loco
1353 1918 1568 1971 sequitur,
1599 1919 1665 1959 καὶ
1686 1916 1729 1959 vd

268 1981 311 2022 ἐκ
339 1983 408 2031 τῆς
433 1972 608 2021 Αὐλίδος
635 1994 692 2002 -
721 1974 974 2020 διαπλεῦσαι,
1008 1972 1263 2025 praecedens
1293 1972 1363 2015 τὸν
1394 1989 1485 2012 cum
1520 1972 1563 2015 τὸ
1589 1974 1728 2013 consi·

267 2045 378 2074 stete
398 2030 628 2086 nequibat,
662 2026 734 2067 sed
754 2028 990 2066 necessario
1012 2028 1260 2066 mutandum
1285 2039 1384 2068 erat.
1417 2031 1577 2069 Rmrz.
1640 2030 1730 2068 Ac-

268 2090 385 2130 cedit
403 2089 507 2127 haec
540 2098 683 2124 caussa
699 2114 709 2133 ,
745 2082 881 2136 quod,
915 2084 951 2121 si
977 2085 1164 2139 vulgaris
1187 2085 1398 2124 obtineret
1420 2087 1527 2125 ratio
1544 2116 1554 2132 ,
1587 2088 1731 2139 legen-

268 2146 369 2184 dum
392 2153 504 2185 erat:
535 2140 605 2183 τὸν
624 2140 692 2192 μὲν
710 2138 753 2181 τὸ
776 2136 969 2194 ὑγιαίνειν
1000 2165 1046 2169 -—
1084 2140 1154 2181 τὸν
1178 2141 1277 2182 δὲτὸ
1299 2147 1483 2182 πλουτεῖν
1514 2165 1566 2172 ——-
1596 2141 1667 2183 τὸν
1688 2141 1731 2182 δὲ

264 2199 310 2244 τὸ
343 2196 583 2255 βασιλεύειν.
642 2195 769 2235 Nihil
804 2197 959 2235 certius
991 2196 1132 2236 Solani
1159 2197 1476 2238 emendatione:
1511 2197 1732 2237 Graeviana

269 2267 439 2308 contra,
473 2264 523 2294 ut
546 2254 629 2293 vim
645 2283 656 2303 ‚
690 2251 749 2290 ita
775 2260 816 2290 et
835 2253 1131 2291 soloecismum
1154 2253 1284 2292 infert
1305 2254 1456 2292 verbis.
1515 2254 1673 2291 LEnM.

381 2333 483 2374 Ead.
504 2336 531 2375 l.
557 2336 621 2375 11.
662 2327 831 2386 Ταύρων
848 2331 992 2381 ἐννέα)
1024 2330 1106 2370 Od.
1131 2337 1175 2383 Γ,
1198 2347 1260 2386 pr.
1281 2341 1322 2371 et
1345 2337 1437 2375 178.
1463 2346 1547 2386 seq.
1589 2332 1727 2371 stn.

383 2412 489 2452 Ibid.
525 2411 603 2452 Καὶ
632 2407 674 2451 τὸ
702 2410 746 2451 ἐκ
774 2414 847 2462 τῆς
873 2407 1075 2464 Αὐλίδος)
1107 2411 1263 2465 Liquet
1290 2425 1341 2449 ex
1363 2409 1728 2462 praecedentibus,

269 2467 538 2508 scribendum
573 2480 683 2514 esse,
722 2463 790 2507 τὸν
826 2465 868 2506 δὲ
896 2467 938 2507 ἐκ
969 2471 1039 2518 τῆς
1066 2463 1240 2514 Αὐλίδος
1267 2468 1322 2513 εἰς
1343 2465 1475 2507 ’Ἴλιον
1502 2469 1732 2508 διαπλεῦσαι

268 2526 478 2578 παρθένου
508 2527 734 2577 βασιλικῆς·
777 2535 886 2569 non,
923 2531 970 2560 ut
999 2525 1157 2576 legitur
1187 2523 1230 2559 in
1262 2522 1547 2570 editionibus,
1579 2524 1644 2563 καὶ
1669 2520 1727 2563 τό.

270 2581 393 2620 Hunc
413 2595 500 2618 vero
525 2595 577 2617 ex
594 2576 745 2616 Aulide
768 2580 807 2615 ιή
839 2578 957 2617 Iliam
977 2581 1260 2631 navigalioncm
1286 2580 1433 2631 virginc-
1454 2582 1558 2630 regia
1577 2592 1726 2618 emere.

275 2637 369 2686 Τὸν,
401 2636 599 2673 nimirum
622 2634 993 2686 Agamemnonem,
1029 2635 1102 2686 qui
1126 2633 1372 2685 iphigeniae
1398 2634 1607 2673 sacrificio
1628 2633 1726 2672 red-

272 2693 374 2733 emit
399 2704 645 2742 prosperum
667 2703 831 2727 cursum
856 2700 897 2728 et
928 2691 1109 2728 ferentes
1139 2701 1301 2728 ventos.
1344 2691 1520 2730 Gninzv.

387 2745 489 2786 Ibid.
516 2744 587 2786 Ἐκ
604 2750 673 2797 τῆς
697 2743 894 2800 Αὐλίδος)
924 2744 1034 2786 Vide
1062 2745 1175 2787 Ovicl.
1198 2746 1375 2786 Bletam.
1397 2747 1496 2786 XII.
1530 2746 1696 2786 Vonsoe.

690 2817 717 2845 *tx
