1781 3174
261 203 362 253 522
608 211 1368 246 ADNOTATIONES

257 312 472 368 Aristippi
491 321 652 362 autem,
687 311 786 363 quia
808 310 858 350 de
879 314 1100 364 voluptate
1121 309 1232 350 idem
1257 321 1432 367 uterque
1458 313 1601 352 multis
1621 327 1714 353 sen·

259 372 362 411 sisse
386 373 501 410 visus
523 378 597 410 est.
640 369 756 421 Diog.
779 368 915 407 Lab‘rt.
939 382 980 420 p.
1002 372 1100 411 268.
1121 367 1171 408 Α.
1213 379 1373 408 veteres
1404 369 1579 408 adducit
1602 384 1718 409 asse-

258 439 418 478 renteS‚
449 425 497 468 τὰ
519 426 774 478 Δημοκρίτου
793 425 986 477 περὶτῶν
1019 419 1199 478 ἀτόμων,
1230 426 1298 468 καὶ
1326 421 1595 482 Ἀριστίππου
1623 427 1719 482 περὶ

256 489 330 538 τῆς
347 482 519 537 ἡδονῆς,
552 481 606 530 ὥς
625 484 708 523 ἴδια
728 483 863 536 λέγειν.
895 481 1049 521 SOLAN

371 539 472 580 Ead.
497 542 526 579 l.
549 541 589 583 5.
623 535 897 592 Μεθύοντος)
927 537 1127 592 Intellige
1150 537 1357 593 Aristipp.
1400 540 1576 583 Gurrxr.

370 618 473 658 Ead.
495 620 522 656 1.
552 623 616 660 10.
665 615 715 659 Τὸ
751 620 860 659 δεῖνα
889 615 957 670 δὲ)
995 617 1120 656 Hanc
1148 621 1216 657 vel
1250 618 1429 658 similem
1459 619 1716 659 sententiam

258 676 331 715 hic
353 674 560 728 postulari
580 673 731 714 video:
762 673 888 713 verba
915 672 958 715 τὸ
979 677 1086 715 δεῖνα
1113 673 1154 716 δὲ
1176 673 1278 726 quid
1299 675 1381 714 sibi
1411 676 1569 726 velint,
1603 690 1718 715 non-

258 733 357 770 dum
391 733 516 781 plane
552 729 771 784 adsequor.
832 730 898 768 An
931 726 1017 772 τόδ’
1049 731 1132 773 εἰπὲ
1149 729 1260 780 ὅπως
1289 734 1405 782 εἴδω,
1443 733 1519 772 hoc
1551 732 1640 781 dic,
1673 743 1717 771 ut

256 787 412 829 sciam?
443 787 580 826 GESN.
641 788 780 826 Etiam
803 786 1020 842 Seyboldus
1041 787 1197 841 corrigi
1218 791 1324 837 vult,
1341 789 1402 826 sic
1427 788 1625 842 quidem:
1645 786 1717 830 τὸν

256 848 367 886 δεῖνα
390 843 432 885 δὲ
452 841 561 892 ὅπως
580 846 653 886 ἰ’δω
668 877 677 892 ,
711 844 823 897 (εἰπέ
847 843 940 896 μοι)
967 846 1044 885 τίσι
1062 847 1187 897 χαίρει
1207 853 1283 886 etc.
1316 854 1439 898 atque
1462 844 1577 883 hunc
1607 858 1718 883 con-

255 900 398 940 stituit
420 914 607 942 sensum:
638 902 796 940 Dixisti
807 904 895 955 jam
915 901 1011 939 mihi
1032 901 1223 954 quaedam
1245 900 1290 939 cle
1306 917 1371 950 eo,
1411 900 1621 955 esse‘gulae
1641 898 1716 939 cle-

255 958 380 997 clitum
417 958 722 1011 improbamque.
777 968 817 995 ut
846 968 973 996 tamen
1004 960 1172 1010 penitius
1204 957 1393 996 hominem
1427 957 1529 997 hunc
1555 973 1716 997 noscam

253 1013 406 1064 (damit
431 1014 499 1052 ich
523 1015 691 1053 meinen
712 1015 848 1052 Manu
873 1013 991 1052 recht
1013 1013 1181 1052 hermen
1201 1016 1339 1063 lerne)
1373 1013 1437 1053 alic
1457 1014 1554 1053 mihi
1571 1014 1712 1064 et‘lzoc,

252 1070 394 1125 quibus
409 1070 582 1123 gaudeat
604 1070 731 1113 cibis?
761 1070 841 1109 His
869 1070 1030 1123 aliquid
1061 1070 1189 1108 fulcri
1213 1069 1411 1109 accedere
1445 1069 1616 1109 videtur
1635 1084 1715 1118 eo,

255 1126 372 1180 quod
393 1127 521 1168 Basil.
545 1133 583 1170 1.
614 1141 758 1165 revera
781 1125 890 1165 hanc
911 1127 1139 1166 lectionem
1161 1122 1232 1169 ’ἑὸν
1252 1129 1363 1169 δεῖνα
1395 1125 1608 1173 ostendit;
1642 1126 1715 1167 sed

253 1197 353 1221 casu
373 1182 416 1220 id
434 1183 592 1222 factum
617 1183 791 1236 opinor-5
827 1192 936 1222 certe
954 1183 1134 1221 rationis
1155 1198 1298 1236 parum
1318 1182 1430 1221 inest
1448 1182 1550 1221 huic
1569 1182 1718 1222 lectio-

251 1240 324 1289 ni,
359 1254 487 1292 quum
512 1242 634 1279 notio
653 1245 727 1281 τοῦ
757 1243 866 1280 δεῖνα
893 1254 972 1278 usu
1010 1250 1177 1292 recepta
1209 1254 1297 1278 eam
1329 1253 1499 1290 prorsus
1531 1248 1714 1291 respuat.

236 1296 392 1346 *Unice
415 1307 528 1335 recte
552 1298 708 1350 legitur
728 1293 773 1338 τό
795 1299 904 1338 δεῖνα
919 1329 929 1347 ,
968 1305 1017 1333 ut
1035 1296 1186 1335 statuit
1205 1296 1266 1336 Jo.
1288 1297 1480 1348 Seagerus
1505 1296 1548 1333 in
1581 1295 1715 1335 class.

251 1352 401 1394 Journ.
424 1352 508 1391 No.
530 1353 671 1392 XVII.
702 1368 737 1393 a.
767 1358 890 1397 1814.
921 1367 959 1404 p.
987 1357 1081 1395 160.
1112 1363 1154 1391 et
1175 1353 1261 1391 No.
1282 1352 1484 1392 XXXVI.
1521 1366 1557 1390 a.
1592 1356 1714 1396 1818.

251 1422 293 1460 p.
316 1414 408 1452 318.
443 1410 516 1462 qui
540 1410 596 1447 ita
622 1410 831 1460 explicat:
862 1440 890 1458 „
910 1407 959 1450 Τὸ
983 1411 1094 1450 δεῖνα
1124 1407 1365 1461 interjectio
1390 1418 1478 1458 est,
1513 1422 1594 1460 qua
1615 1418 1717 1447 ute-

250 1464 430 1516 bantur,
463 1480 591 1519 quum
613 1465 755 1504 subito
781 1466 825 1503 in
851 1474 1029 1504 mentem
1050 1465 1238 1503 venisset
1266 1464 1454 1514 aliquid,
1489 1467 1608 1515 cujus
1630 1463 1715 1502 ob—

249 1521 392 1561 livisci
424 1523 709 1574 periculosum
740 1524 807 1559 vel
844 1531 955 1561 certe
986 1520 1303 1559 incommodum
1335 1520 1546 1560 fuisset.“
1603 1521 1714 1559 Illu-

250 1587 355 1616 strat
377 1577 487 1616 hanc
516 1578 693 1629 loqendi
721 1578 931 1616 rationem
964 1577 1072 1616 locis
1097 1577 1302 1630 Aristoph.
1335 1577 1522 1629 Lysistr.
1553 1592 1593 1616 v.
1615 1580 1711 1622 925.

250 1636 360 1672 Avv.
388 1649 426 1673 v.
451 1640 545 1678 648.
567 1635 726 1686 Vespp.
747 1637 842 1678 425.
876 1644 918 1673 et
940 1633 1075 1687 ipsius
1096 1634 1272 1689 Luciani
1300 1632 1374 1672 Bis
1395 1634 1548 1672 Aecus.
1580 1647 1613 1675 c.
1645 1639 1713 1678 23.

249 1689 375 1730 Unde
394 1701 509 1743 patet
533 1691 733 1729 familiari
760 1690 1047 1743 potissimum,
1078 1692 1145 1727 vel
1168 1689 1370 1738 Comico,
1403 1689 1585 1728 sermoni
1605 1689 1715 1729 hanc

248 1747 511 1787 locutionem
531 1747 774 1797 convenire,
799 1757 840 1786 et
858 1745 1109 1799 respondere
1129 1745 1354 1784 Plautinae
1373 1755 1414 1785 et
1430 1746 1714 1786 Terentianae

249 1804 343 1842 illi:
378 1803 455 1843 Sed
471 1803 566 1858 quid
593 1803 688 1845 ais?
726 1802 927 1856 Ejusdem
961 1802 1118 1841 coloris
1150 1812 1235 1841 est:
1271 1799 1386 1843 Ἀλλά
1418 1799 1559 1854 μεταξῦ
1585 1801 1715 1856 λόγων

248 1860 294 1898 in
320 1859 502 1899 Charon.
523 1875 555 1898 c.
578 1865 645 1903 24.
671 1860 730 1901 in.
763 1859 814 1899 de
837 1874 919 1913 qua
939 1861 1060 1898 Tom.
1084 1858 1142 1900 II.
1169 1873 1206 1910 p.
1232 1863 1326 1902 543.
1387 1858 1455 1897 Ad
1477 1859 1716 1912 perspicui-

248 1926 377 1954 tatem
401 1916 628 1970 juvandam
660 1931 746 1955 non
769 1930 877 1968 opus
908 1915 1105 1969 quidem,
1138 1914 1211 1952 sed
1245 1914 1359 1952 haud
1380 1914 1535 1954 inutile
1558 1925 1712 1964 tamen,

248 1973 402 2022 fuerit,
438 1987 529 2010 cum
552 1973 718 2025 Seagero
741 1971 1063 2012 exclamationis
1086 1980 1189 2010 nota
1211 1980 1402 2010 naturam
1423 1971 1713 2026 terminosque

248 2029 456 2068 formulae
479 2028 661 2068 definiri.
694 2030 850 2071 LEnm,

361 2096 464 2136 Ead.
488 2099 513 2140 l.
542 2102 605 2141 13.
649 2095 727 2145 Τὰς
751 2094 940 2150 ἰσχάδας)
973 2094 1159 2149 Ἰσχᾶδας
1186 2095 1255 2137 καὶ
1278 2092 1466 2144 παλάθας
1490 2099 1569 2137 τῶν
1599 2113 1712 2150 καρι-

247 2157 333 2196 κῶν
358 2155 424 2194 καὶ
456 2151 503 2194 τὰ
535 2154 678 2208 γλυκέα
706 2154 773 2195 καὶ
803 2151 994 2206 μελιτώδη
1023 2151 1293 2206 potissimum
1329 2151 1572 2204 cupiebant.
1615 2152 1709 2206 ipse

247 2209 401 2264 passim
419 2210 537 2251 Dial.
559 2224 644 2264 seq.
672 2219 715 2250 et
736 2210 831 2248 aliis
854 2210 1022 2264 passim.
1043 2208 1190 2249 Athen.
1222 2209 1405 2251 Bovnn,

360 2289 463 2331 Eacl.
485 2293 512 2332 1.
536 2293 600 2332 14.
635 2286 833 2338 Παλάθας
851 2293 932 2331 τῶν
951 2290 1156 2344 καρικῶν)
1186 2288 1325 2327 Emam
1345 2289 1444 2326 enim
1465 2284 1530 2325 illi
1556 2302 1707 2326 massas

248 2362 489 2402 carycarum.
550 2346 623 2386 Sic
640 2346 768 2385 vertit
789 2346 1017 2400 interpres5
1046 2348 1167 2384 male.
1229 2344 1337 2384 Nam
1361 2343 1396 2380 si
1415 2341 1616 2394 scriptum
1640 2343 1705 2381 in-

248 2413 423 2443 venerat
456 2409 666 2456 καρυκῶν,
722 2401 899 2441 debebat
932 2401 1149 2442 emendare
1185 2410 1227 2441 et
1255 2403 1391 2454 legere
1422 2402 1624 2452 καρικῶν,
1663 2409 1705 2439 et

248 2470 411 2499 vertere
431 2477 582 2499 massas
603 2459 830 2499 Gavicarum
846 2490 856 2509 ,
888 2461 1124 2514 seuflcuum
1147 2475 1166 2496 e
1189 2456 1320 2497 Caria.
1379 2454 1487 2493 Nam
1510 2464 1552 2492 et
1581 2453 1705 2496 παλά-

248 2523 306 2568 θη
321 2545 331 2561 ,
364 2525 468 2556 teste
489 2516 716 2565 Eustatlzio,
749 2526 811 2554 est
832 2521 909 2557 τῶν
927 2519 1102 2569 καρικῶν
1125 2510 1399 2561 ἔπισύνθεσις,
1417 2509 1548 2564 ¹quod
1572 2512 1705 2550 Galli-

251 2587 297 2610 ce
321 2570 498 2610 dicimus
521 2589 572 2612 un
592 2574 712 2612 calvas
732 2571 935 2627 clefigues:
965 2582 1007 2611 et
1031 2570 1081 2611 de
1099 2569 1261 2608 ficubus
1293 2568 1375 2607 hoc
1408 2571 1504 2606 loco
1535 2567 1702 2621 agitur:

249 2643 345 2666 nam
364 2627 529 2667 dixerat
547 2627 593 2670 τὰ
610 2630 752 2682 γλυκέα
775 2635 932 2670 σιτεῖται
951 2629 1018 2668 καὶ
1039 2625 1201 2680 μάλιστα
1218 2623 1289 2673 τὰς
1310 2621 1491 2677 ἰσχάδας,
1523 2623 1702 2663 dulcibus

247 2687 425 2735 vescitur,
456 2695 489 2722 et
510 2685 881 2741 praecipueficubus
900 2684 1046 2724 aridis.-
1077 2692 1120 2722 et
1135 2682 1250 2720 ⁴infra
1275 2681 1319 2719 iu
1342 2680 1558 2720 Revivizc.
1579 2678 1700 2721 παλά·

248 2747 333 2792 θην
361 2737 530 2793 ἰσχάδων
557 2741 677 2781 dicit,
738 2743 795 2779 At
830 2742 990 2793 Caryca
1021 2739 1106 2778 suit
1136 2738 1328 2777 intritum
1365 2735 1597 2789 quoddam,
1636 2740 1698 2775 vel
