1781 3174
367 262 432 292 ιΝ
500 258 777 290 virumn
849 256 1220 289 AUCTIONEM.
1426 243 1524 293 513

67 360 298 418 quentibus
324 357 471 399 verbis.
512 356 680 398 sonim.
740 357 969 396 Amisrilem
993 355 1065 396 hic
1083 355 1191 397 verti
1215 356 1431 412 προφήτην
1451 372 1526 399 νο-

64 420 149 460 luit
170 420 213 456 in
239 416 437 456 thesauro
462 414 703 467 Stephanus5
732 413 804 453 sed
825 413 932 451 mihi
956 413 1202 464 videbatur,
1236 414 1307 454 hic
1329 430 1414 455 non
1438 425 1524 455 tam

65 489 227 515 sacrum
261 471 472 526 quoddam
505 480 578 509 aut
601 473 803 523 templum
830 471 972 509 animo
996 470 1263 510 obversatum
1288 472 1523 526 scriptoris,

66 546 189 587 quam
210 543 354 569 vocem
378 527 558 580 Cynici,
591 525 912 566 denuntiantem
935 526 1131 565 omnibus
1157 526 1407 570 libertatem.
1447 530 1529 567 Est

67 588 178 628 enim
207 580 393 639 739‘6507w1,
423 583 547 622 etiam
581 583 817 638 proloquor,
852 582 1054 636 praedico.
1099 584 1235 623 GEsN.
1303 586 1370 624 Ita
1399 585 1526 625 etiam

66 642 297 698 Seyboldus.
357 639 652 680 Nihilominus
679 639 854 678 omnino
886 639 1057 690 quidem
1087 639 1221 692 probo
1242 641 1386 682 Solani
1406 642 1528 696 judi..

67 702 202 744 cium,
239 710 490 752 quamquam
513 695 616 734 alibi
636 699 775 749 jocum
799 696 976 735 Luciani
993 696 1120 734 situm
1147 697 1404 740 existimans.
1464 700 1528 738 Ut

65 755 360 808 Pythagorae,
395 754 452 791 ita
478 763 518 792 et
539 752 775 806 Diogenis,
809 752 1053 805 jactantiam
1076 752 1197 794 ridet.
1258 755 1336 794 Ille
1356 755 1529 808 Apolli-

66 827 161 852 nem
189 811 478 856 affectaverat;
513 808 585 847 hic
615 811 694 862 jam
718 824 804 849 non
829 809 968 847 minus
992 809 1214 862 magnifice
1234 825 1277 850 se
1299 811 1529 851 Herculem

69 867 278 921 quendam
301 865 525 919 profitetur
553 864 855 920 (ἐλευθερωτήν
881 869 961 906 τῶν
990 862 1268 919 ἀνθρώπων),
1301 878 1343 907 et
1366 868 1531 907 Aescu-

67 925 228 978 lapium
251 919 423 976 (ἰατρὸν
450 926 527 963 τῶν
546 924 734 971 παθῶν).
796 921 1008 967 Omnino,
1042 922 1102 960 ait
1127 922 1294 976 singula
1320 928 1532 977 complec-

67 991 175 1030 tens,
204 980 392 1034 propheta
411 995 494 1018 sum
516 981 690 1018 veritatis
706 979 969 1033 libertatisque
991 978 1166 1027 dicendi,
1202 981 1229 1017 i.
1254 994 1290 1020 e.
1310 995 1394 1019 non
1414 997 1530 1033 prae-

69 1053 137 1087 co,
169 1047 218 1075 ut
241 1037 391 1075 Versio
423 1035 570 1083 habet,
606 1035 722 1089 quod
756 1037 868 1074 foret
896 1034 1022 1087 κη’ρυξ
1053 1044 1094 1074 et
1119 1034 1328 1076 indicaret
1351 1038 1533 1076 Blercu-

67 1095 175 1133 rium
192 1127 201 1143 ,
235 1091 306 1131 sed
328 1103 453 1142 vates,
485 1093 603 1146 quasi
630 1095 893 1130 oraculorum
917 1091 1057 1130 editor
1077 1094 1145 1131 vel
1163 1092 1394 1146 interpres,
1429 1106 1542 1146 qua-‘

66 1152 121 1190 lis
143 1149 381 1204 fingebatur
401 1148 572 1202 Apollo.
615 1148 681 1186 Ita
706 1162 867 1201 semper
888 1162 973 1187 vox
993 1148 1208 1202 προφήτης
1225 1149 1268 1187 in
1294 1149 1529 1201 veteribus,

71 1217 113 1245 et
142 1207 186 1244 in
209 1207 355 1245 Nostro
378 1219 572 1258 quoque,
602 1206 812 1255 occurrit,
842 1214 890 1242 ut
909 1214 1052 1243 notam
1077 1206 1253 1244 omnino
1279 1204 1433 1244 habeat
1455 1206 1535 1244 im-

67 1277 250 1316 pressam
283 1261 485 1300 scientiae
512 1271 557 1300 et
585 1261 865 1313 professionis
894 1261 956 1299 rei
985 1275 1126 1300 sacrae
1155 1271 1196 1302 et
1215 1275 1402 1301 arcanae.
1461 1262 1534 1302 Sic

67 1319 391 1358 Ammoniorum
417 1317 650 1370 prophetae
680 1317 814 1355 Diall.
838 1318 994 1357 Mortt.
1012 1317 1148 1368 XIII,
1174 1322 1212 1360 1.
1272 1318 1343 1357 Sic
1367 1332 1442 1371 per
1460 1327 1535 1358 to-

70 1386 159 1414 tum
193 1374 371 1420 librum,
401 1373 640 1413 Alexander
665 1373 934 1425 inscriptum,
976 1373 1232 1426 prophetae,
1278 1374 1307 1412 i.
1332 1389 1368 1414 e.
1395 1375 1534 1429 magi,

69 1436 142 1471 vel
172 1433 480 1479 incantatores,
511 1433 579 1468 vel
611 1444 746 1468 rerum
782 1430 1021 1468 futurarum
1051 1431 1233 1482 praescii
1266 1441 1344 1470 etc.
1406 1430 1535 1471 Unde

70 1503 194 1542 quam
227 1490 371 1541 jocose
403 1486 608 1525 Luc-ianus
638 1486 879 1538 Diogenem
921 1499 965 1525 se
1003 1486 1143 1539 ipsum
1185 1487 1436 1540 prophetam
1465 1492 1540 1540 τῆς

72 1543 262 1597 ἀληθείας
281 1544 346 1584 καὶ
365 1544 589 1595 παρᾇσίας
608 1545 821 1595 appellare
839 1542 1000 1596 jubeat,
1025 1557 1226 1595 apparere
1247 1553 1375 1597 puto‚·
1405 1543 1536 1583 modo

69 1602 212 1651 noris,
258 1613 365 1654 quae
396 1598 560 1652 Cynica
590 1598 669 1638 ista
700 1599 835 1638 fuerit
864 1599 1020 1639 veritas
1054 1598 1312 1655 dicendique
1344 1600 1536 1643 licentia.

70 1660 231 1699 LEHM.

185 1714 283 1767 Pag.
308 1718 404 1756 100.
430 1714 457 1752 1.
482 1717 522 1757 5.
573 1710 746 1765 Τάφον)
791 1711 1022 1766 Sepulcrum
1055 1712 1254 1753 habuisse
1285 1728 1363 1767 pro
1394 1713 1538 1764 domn,

73 1770 228 1810 diserte
250 1785 272 1808 a
293 1773 413 1808 nullo
436 1769 637 1808 traditum
663 1769 851 1811 invenio.
890 1769 970 1809 Sed
990 1770 1109 1822 Πίος.
1131 1770 1269 1811 Lab-t.
1294 1772 1368 1810 VI.
1391 1776 1541 1824 p.143.

72 1827 122 1868 B.
149 1827 196 1868 C.
218 1827 302 1874 ait,
334 1828 452 1866 παντὶ
472 1823 582 1882 τόπῳ
610 1827 750 1878 ἐχρῆτο
781 1828 837 1873 εἰς
854 1823 1006 1875 πάντα,
1040 1823 1212 1879 ἀριστῶν
1236 1843 1276 1868 τε
1295 1829 1364 1869 καὶ
1388 1827 1542 1869 καθεύ-

75 1887 181 1931 δων,
213 1884 281 1923 καὶ
305 1881 596 1937 διαλεγόμενος.
643 1882 824 1920 Dolium
846 1896 946 1921 vero
967 1885 1096 1936 vulgo
1118 1882 1402 1925 notissimum.
1440 1884 1541 1924 vid.

76 1939 202 1980 eund.
236 1938 339 1980 ibid,
367 1938 412 1979 C.
435 1939 493 1978 D.
515 1938 589 1976 ubi
619 1952 725 1992 quos
752 1939 796 1976 in
820 1953 920 1977 usus
951 1948 1237 1992 comparatum
1271 1939 1333 1979 ibi
1363 1942 1542 1990 steterit,

75 1997 274 2051 ignorare
297 2009 360 2033 me
384 1995 534 2035 fateor.
569 1995 738 2035 SonAN.
798 1995 926 2034 Licet
951 1994 1054 2032 alibi
1077 2009 1163 2033 non
1184 1995 1397 2046 tradatur,
1430 1997 1542 2036 Dio-

78 2065 228 2107 genem
261 2050 306 2089 in
339 2054 533 2104 sepulcro
562 2050 794 2100 habitasse,
831 2060 968 2090 tamen
992 2050 1036 2088 id
1068 2051 1289 2103 probabile
1314 2062 1376 2093 est
1398 2054 1438 2093 ei
1462 2068 1545 2093 ex-

77 2107 294 2162 probrari,
329 2117 376 2145 ut
399 2107 564 2146 homini
596 2108 815 2147 vilissimis
845 2107 970 2146 rebus
999 2117 1227 2155 contento,
1261 2118 1302 2147 et
1326 2109 1545 2163 pauperri-

78 2179 241 2203 morum
280 2165 410 2202 vitam
446 2164 648 2203 imitanti.
721 2163 920 2202 Habitari
954 2163 1065 2201 enim
1101 2167 1292 2216 sepulcra
1334 2166 1544 2219 potuisse,

78 2235 166 2259 non
203 2223 338 2258 solum
369 2234 424 2258 ex
456 2220 570 2260 Nov.
596 2220 727 2260 Foed.
751 2221 853 2261 Luc.
877 2220 1009 2270 VIII,
1031 2225 1099 2262 27.
1137 2220 1208 2259 sed
1240 2231 1282 2261 et
1308 2236 1360 2261 ex
1389 2222 1544 2262 Petron.

79 2291 169 2330 cap.
195 2282 288 2319 111.
313 2276 363 2315 de
383 2286 573 2315 matrona
595 2276 782 2330 Ephesia
801 2276 981 2330 aliisque
1002 2276 1282 2319 notissimum.
1325 2279 1487 2317 szrrz,

192 2333 294 2372 Εαιῖ.
316 2336 343 2371 l.
365 2339 402 2376 6.
431 2329 816 2387 Ὀπισθογρᾶφων)
847 2334 914 2370 Tu
936 2331 1058 2382 vide,
1093 2346 1142 2370 an
1172 2334 1226 2371 sit
1259 2343 1307 2372 ut
1330 2334 1442 2387 apud
1466 2334 1547 2373 Sa-

80 2399 266 2442 tyrarum
296 2395 488 2442 poetam,
521 2393 688 2443 scriptus
716 2402 749 2429 et
778 2393 818 2427 itz
852 2400 957 2442 tergo
990 2397 1070 2427 etc.
1110 2388 1243 2429 Juz'en.
1267 2390 1308 2439 I,
1335 2396 1372 2434 6.
1405 2391 1546 2433 COLL,

84 2447 198 2485 GM..
257 2446 390 2494 Vide,
426 2461 532 2499 quae
557 2448 659 2484 citat
681 2460 731 2485 ex
755 2446 890 2485 Herm.
911 2445 1094 2484 Barbam
1123 2446 1179 2483 H.
1206 2447 1422 2499 Slqilzanus
1441 2447 1485 2485 in
1508 2462 1547 2486 v.

86 2499 403 2556 ὄπισθὸγραφος.
435 2503 583 2541 Lem).
644 2501 947 2541 voluminibus
970 2501 1081 2540 enim
1104 2500 1281 2541 ditiores
1307 2502 1548 2550 utebantur,

86 2573 265 2611 quorum
294 2559 472 2598 interior
498 2568 660 2598 tantum
696 2557 851 2613 pagina
887 2557 1066 2609 scripta,
1101 2557 1286 2596 exterior
1315 2573 1419 2612 pura
1445 2569 1549 2599 emt.

86 2615 254 2654 Sosim.
315 2614 414 2658 vid.
445 2615 608 2669 I‘Iugon.
641 2615 689 2653 de
721 2615 854 2666 prima
885 2614 990 2667 orig.
1027 2612 1264 2663 scribendi,
1297 2625 1340 2654 et
1370 2615 1423 2654 ad
1455 2630 1549 2655 eum

86 2682 210 2710 notas
236 2671 490 2715 Consultiss,
513 2673 550 2712 J.
579 2672 627 2711 G.
652 2673 804 2709 Trotzii
822 2685 861 2723 p.
887 2675 954 2713 98.
998 2671 1161 2707 Rm‘rz.

199 2727 301 2766 Eacl.
323 2730 350 2765 l.
369 2731 407 2768 7.
447 2732 527 2769 Τοῦ
549 2726 721 2783 μεγάλου
744 2729 813 2781 β.)
846 2726 915 2766 Sic
941 2726 1147 2778 Atzt'stoplz.
1177 2725 1219 2763 in
1242 2727 1353 2766 Plut.
1389 2741 1428 2766 V·
1457 2732 1550 2771 170-

89 2785 232 2838 Μέγας
251 2784 291 2824 δὲ
312 2782 495 2836 βασιλεύς
515 2782 601 2839 οὐχὶ
625 2782 690 2827 διὰ
712 2789 850 2826 τοῦτον
871 2786 1002 2839 κομᾷ,·
1034 2782 1108 2821 ubi
1133 2782 1372 2878 Scllzolliastes
1395 2784 1550 2838 inquit,

134 2854 282 2884 Lucicm.
311 2850 393 2884 Vol.
417 2852 482 2883 HI.
1211 2840 1231 2878 st
