1781 3174
167 168 267 217 566
524 178 1278 214 ADNOT·AT10NEs

168 287 446 334 postponeret
467 287 674 332 receptae.
737 275 1009 316 Schmiederus
1037 286 1148 317 recte
1174 291 1263 317 eam
1283 277 1458 332 recepit,
1490 277 1632 319 Belino

169 350 342 393 quoque
363 335 581 388 probatam
597 364 607 380 ‚
640 342 682 372 et
707 334 753 372 T.
771 332 816 373 F.
842 332 1068 372 Berzeclicto.
1114 335 1268 377 mem,
1638 368 1644 380 ,

283 392 385 432 Ead.
405 395 433 430 l.
457 397 519 434 11.
555 389 756 445 Γοργίαν)
786 389 838 427 In
869 403 918 428 eo
944 389 1170 442 praecipue
1195 391 1392 445 dialogo,
1425 390 1498 446 qui
1525 391 1635 431 Gor-

166 451 257 503 gias
277 448 540 498 inscribitur,
572 452 726 499 p.281.
759 446 905 484 Polum
928 445 1256 498 Agrigentinum
1284 448 1451 499 passim,
1485 448 1636 486 Prodi-

171 520 265 545 cum
287 520 373 544 non
398 503 503 543 adeo
525 502 697 542 videtur
718 501 930 543 insectari.
966 501 1170 554 Hippiam
1194 503 1238 540 in
1260 503 1441 557 dialogis
1466 502 1635 542 duobus

168 575 209 615 p.
233 564 301 607 95.
328 570 371 600 et
391 564 487 603 229.
520 559 689 600 SOLAN.
752 558 871 611 Quae
894 572 992 595 mox
1012 561 1237 612 leguntur,
1271 561 1455 601 ἐπίπαττε
1475 554 1550 601 οὖν
1569 562 1637 602 καὶ

166 617 238 666 τοὶς
260 619 487 670 εἰρωνείας,
521 615 709 655 Gesnerus
736 615 886 654 vertit:
920 613 1058 668 Itaque
1077 615 1263 669 adsperge
1282 619 1397 655 etiam
1416 616 1570 670 aliquid
1591 617 1637 655 de

165 676 320 717 ironia:
350 673 456 728 legit
483 672 630 725 itaque
660 677 732 724 τῆς
763 673 986 726 εἰρωνείας,
1018 681 1067 709 ut
1096 671 1140 709 in
1163 672 1201 712 J.
1233 673 1286 711 H.
1308 683 1350 712 et
1383 683 1563 723 utraque
1585 676 1635 712 A.

168 729 328 770 editum
362 740 449 776 est3
483 739 525 768 et
545 738 656 768 recte
681 727 866 782 quidem.
927 728 1194 781 Elegantiam
1227 729 1447 776 Genifivi,
1480 727 1531 767 de
1555 744 1638 782 qua

170 786 306 839 Viger.
331 801 372 838 p.
392 789 458 830 52.
489 784 554 824 ed.
575 786 725 834 Zeten„
758 783 1001 824 exturbavit
1022 784 1188 822 librarii
1214 785 1439 838 imperitia.
1482 786 1637 827 ‚Dialh

166 844 303 883 Deor.
325 842 460 893 XIII,
488 847 525 884 1.
559 841 751 894 χρήσιμος
784 837 995 893 ἐπιθήσειν
1023 838 1258 893 ἀνθρώποις
1281 846 1361 883 τῶν
1395 840 1637 896 φαρμάκων.

169 898 279 940 ibid.
304 899 442 939 Dian.
467 897 641 949 XVIII,
666 904 705 943 2.
728 895 771 939 τὸ
791 899 1058 950 ἐμφορεῖσθαι
1079 896 1269 950 ἀκράτου.
1308 899 1467 939 mem.

283 956 384 1009 Pag.
409 958 548 999 154.1.
577 959 611 996 1.
645 958 838 1008 Συνεχεῖ)
873 959 1049 1006 Συνεχῆ.
1092 956 1305 994 MAncu..

283 1011 386 1053 Earl.
409 1015 439 1056 1.
462 1018 500 1055 2.
537 1009 619 1060 (Ως
640 1009 662 1053 ὅ
695 1012 814 1065 μέγας
836 1015 879 1050 Ζ.
908 1010 1062 1063 πτηνὰ-ν
1090 1008 1196 1064 ἅρμα
1216 1011 1297 1066 ἐλ.)
1327 1011 1532 1052 Lucianus
1550 1010 1646 1051 Pla-

168 1077 297 1108 tonem
317 1068 572 1117 subsannat,
606 1071 726 1120 cujus
749 1068 792 1106 in
815 1066 1006 1106 Phaedro
1029 1067 1155 1107 verba
1175 1066 1279 1106 haec
1301 1078 1424 1108 sunt:
1458 1066 1479 1110 ό
1499 1067 1570 1121 μὲν
1591 1066 1642 1121 δὴ

169 1125 291 1180 μέγας
311 1122 474 1180 ἡγεμών
493 1127 534 1167 ἐν
557 1122 720 1180 οὐρανῷ
735 1122 834 1172 Ζεὺς
853 1122 1006 1177 πτηνὸν
1027 1122 1133 1176 ἅρμα
1151 1122 1341 1166 ἐλαύνων.
1372 1126 1518 1164 Bnon.
1551 1126 1646 1163 Me·

169 1182 298 1220 minit
333 1182 485 1221 iterum
515 1181 587 1220 Bis
623 1182 726 1224 Ace.
752 1196 787 1221 c.
807 1186 875 1224 33.
908 1190 950 1219 et
970 1179 1097 1219 Rhet.
1135 1181 1274 1220 Praec.
1311 1185 1379 1224 26.
1441 1181 1510 1222 Cf.
1536 1180 1644 1223 Plat.

168 1237 348 1279 Phaedr.
368 1243 463 1282 344.
496 1239 666 1277 SOLAN.
729 1239 833 1277 Post
854 1233 874 1278 ὁ
906 1237 1045 1289 μέγας,
1080 1236 1188 1276 duce
1209 1236 1316 1278 Cod.
1343 1241 1467 1281 2954.
1489 1247 1530 1276 et
1548 1251 1646 1275 sua-

171 1293 299 1334 dente
321 1294 463 1334 Belino
485 1304 526 1335 et
548 1294 755 1346 probante
789 1295 836 1333 T.
859 1293 903 1332 F.
924 1293 1160 1343 Benerlicio,
1197 1294 1366 1333 inferiit
1396 1292 1647 1334 Schmiderus

170 1353 213 1394 ἐν
250 1345 416 1407 οὐρανῷ
447 1365 500 1390 ex
525 1351 659 1402 ipsius
685 1350 867 1390 Platonis
894 1352 1005 1388 loco.
1066 1352 1332 1402 Argumento
1364 1364 1453 1391 esse
1480 1359 1648 1403 poterat

168 1410 291 1448 locus
320 1409 397 1448 Bis
428 1409 528 1446 Ace.
554 1420 588 1446 c.
608 1412 676 1450 33.
699 1406 773 1444 ubi
802 1406 946 1445 eadem
977 1405 1160 1445 Platonis
1193 1406 1318 1445 verba
1351 1407 1412 1445 sic
1435 1406 1644 1444 citantur:

170 1461 193 1506 ὅ
212 1465 332 1518 μέγας
363 1465 405 1505 ἐν
425 1460 587 1517 οὐρανῷ
612 1460 727 1511 Ζεύς.
788 1461 923 1515 Atqui
944 1462 990 1499 in
1016 1471 1200 1514 utroque
1222 1465 1318 1501 loco
1334 1494 1343 1510 ,
1378 1472 1419 1500 et
1441 1462 1486 1499 in
1510 1461 1643 1504 Rhet.

169 1522 312 1563 Praec.
347 1529 481 1568 extr.,
521 1520 700 1558 liberius
733 1518 837 1557 haec
876 1518 1098 1556 Platonica
1128 1519 1292 1571 profert
1326 1518 1504 1557 Noster:
1547 1533 1643 1555 nam

169 1591 249 1631 pro
282 1575 385 1625 Ζεύς
419 1586 531 1616 certe
562 1573 722 1630 ἡγεμών
750 1574 862 1628 apud
896 1573 1101 1613 Platonem
1134 1584 1209 1616 est,
1271 1575 1385 1628 Ergo
1413 1574 1458 1612 in
1498 1583 1646 1612 nostro

170 1632 344 1688 quidem
370 1636 468 1672 loco
501 1633 546 1672 in
583 1632 715 1672 illatis
743 1632 785 1674 ἐν
829 1626 992 1683 οὗρανῶ
1028 1630 1210 1685 vestigia
1247 1644 1450 1685 agnosces
1485 1630 1649 1670 alienae

169 1704 336 1731 manuS.
377 1690 538 1729 anvr.

283 1746 387 1786 End.
413 1748 441 1786 Ῑ.
465 1752 506 1790 3.
554 1743 720 1798 Πτηνόν
738 1741 846 1798 ἅρμα
875 1740 1081 1796 ἐλαύνων)
1113 1742 1278 1782 Homer.
1302 1742 1422 1782 Pind.
1445 1757 1467 1781 a
1491 1741 1646 1796 quibus

169 1807 326 1857 poetae
349 1817 492 1841 omnes
512 1802 686 1841 Latini:
728 1804 808 1855 leg.
829 1802 941 1841 Mar.
964 1800 1015 1839 ad
1035 1800 1180 1839 ῘΙοι-ατ.
1203 1814 1244 1851 p.
1268 1803 1334 1844 35.
1365 1801 1543 1838 Bounn.
1605 1799 1642 1836 E

172 1860 302 1899 sacris
333 1859 492 1898 nostris
524 1858 797 1912 magnificum
830 1857 950 1895 illum
977 1856 1027 1895 de
1052 1857 1150 1895 Deo
1172 1870 1406 1895 sermonem
1433 1855 1649 1905 haustum,

173 1919 428 1969 apologetae
450 1916 586 1954 nostri
612 1914 768 1968 passim
792 1912 1012 1961 indicant3
1047 1927 1086 1952 v.
1103 1926 1142 1966 g.
1161 1913 1361 1966 Atlzenag.
1383 1927 1418 1952 e.
1433 1917 1502 1955 21.
1523 1926 1562 1965 p.
1577 1915 1646 1955 94.

171 1973 358 2013 Declzair.
403 1972 542 2011 GESN.

287 2028 385 2082 Pag.
415 2031 509 2073 155.
536 2030 565 2072 l.
588 2033 629 2072 2.
675 2026 730 2071 Τὰ
759 2024 903 2078 κοινὰ)
950 2025 1198 2066 Communem
1240 2027 1412 2066 omnium
1453 2039 1650 2065 caussam.

172 2086 320 2128 Bnon.
999 2083 1002 2087 ’

287 2139 391 2181 Earl.
413 2143 441 2180 l.
465 2147 505 2186 8.
535 2138 604 2183 Ἐν
631 2145 716 2190 τοῖς
744 2139 904 2195 λόγοις)
944 2138 1121 2183 Malim,
1154 2140 1195 2178 in
1223 2136 1471 2191 opinionibus
1502 2135 1654 2175 discre-

172 2214 336 2253 pamus,
371 2212 493 2252 quam
516 2198 757 2249 rationibus,
786 2207 836 2235 ut
855 2199 986 2250 vulgo
1014 2195 1287 2246 interpretes:
1321 2208 1421 2233 mox
1443 2193 1651 2246 sequitur,

177 2257 220 2299 ἐν
241 2261 327 2301 ταῖς
349 2255 606 2307 προαιρέσεσι
624 2251 889 2301 διαλλάττειν,
922 2250 1036 2306 quod
1057 2250 1168 2289 idem
1193 2260 1268 2293 est.
1310 2251 1480 2306 L-—Bos-

295 2309 397 2353 Eacl.
430 2313 457 2350 Ι.
482 2316 548 2354 10.
594 2309 672 2352 Οἷα
699 2309 827 2358 οὕτως
864 2306 1074 2360 ἆπέφῃυε)
1112 2307 1289 2360 Corrige
1331 2306 1462 2353 οὗτος.
1504 2305 1650 2345 Bnon.

180 2367 393 2407 Universa
427 2368 640 2407 sententia
672 2366 920 2421 adumbrata
941 2363 993 2402 ad
1020 2364 1133 2402 inam
1155 2363 1359 2402 Periclis:
1392 2362 1433 2403 ἐν
1453 2361 1509 2402 ἕνὶ
1534 2356 1653 2413 ἀνδρὶ

179 2429 337 2464 πολλῶν
359 2421 497 2478 ἀρεταὶ
517 2417 841 2472 κινδυνεύονται,
872 2420 985 2474 apud
1021 2418 1200 2474 leucytl.
1222 2419 1281 2467 ῙῙ,
1305 2422 1372 2462 35·
1399 2416 1653 2457 observante

188 2480 367 2521 Goeller-o
386 2479 437 2520 ad
454 2481 614 2536 Dionys.
643 2479 693 2519 de
717 2494 852 2532 comp.
877 2476 1022 2517 verbb.
1047 2489 1085 2528 p.
1109 2481 1147 2519 8.
1190 2475 1349 2515 Lmrm.

297 2537 400 2590 Pag.
421 2540 562 2581 156.1.
585 2539 625 2580 5.
665 2540 817 2585 Τοῦτο)
848 2534 1070 2587 Diogenes
1107 2540 1360 2569 caussam·et
1383 2544 1497 2568 suam
1522 2539 1563 2569 et
1582 2543 1655 2569 re·-

181 2590 399 2645 liquorum
418 2592 778 2646 philosophorum
801 2601 947 2631 contra
969 2586 1376 2637 Part-hesiatlc›{;'''sive
1397 2586 1653 2636 Ludamuu,

185 2662 208 2689 a
231 2662 315 2701 quo
339 2650 477 2689 omnis
501 2647 860 2702 philosophorum
891 2645 1043 2685 cohors
1063 2642 1379 2682 arbitrabantur
1405 2657 1448 2681 se
1471 2642 1656 2696 graviter

184 2707 319 2743 laesos
342 2718 442 2754 esse,
478 2704 631 2759 agendi
653 2714 791 2759 partes
817 2701 1069 2755 suscipiens,
1103 2697 1283 2749 dixerat,
1316 2714 1372 2751 se,
1406 2711 1656 2753 quamquam
