1781 3174
243 173 344 219 448
600 176 1354 210 Annorariom‘as

242 280 315 326 τὸν
345 278 470 333 σηκὸν
486 278 670 319 πλίνθων
690 279 849 328 χρυσῶν
875 274 944 316 καὶ
965 270 1251 327 ἡμιπλινθίων.
1310 274 1490 314 Modo’
1472 272 1704 318 επακοῦσω·

245 359 290 394 μ
278 357 316 380 εν
338 344 436 388 οὐν,
468 334 546 375 etsi
576 333 655 371 vix
686 332 914 386 quicquam
944 332 1097 382 refert,
1134 332 1343 383 Charonti
1372 332 1509 372 libens
1535 332 1704 374 dedero.

244 398 429 436 HEMST.
498 387 690 428 Adnotat
720 387 824 425 haec
865 387 1107 441 Seybolclus:
1151 380 1488 439 ,.,Ἐπακούσωμεν
1520 390 1593 429 οὐν
1624 389 1707 427 tri-

247 448 447 503 „buenda
481 445 683 485 videntur
712 442 943 493 Chamnti,
990 453 1052 492 et,
1094 458 1213 484 secus
1242 459 1367 499 quam
1396 444 1704 493 Hemster‘huszo,

245 508 436 560 „referre
471 501 637 553 aliquid
669 509 833 553 putem,
866 513 917 537 an
942 499 1113 538 Charon
1144 500 1247 539 haec
1281 500 1414 550 dicat,
1449 516 1513 539 an
1528 502 1708 539 Mercu-

247 561 400 616 „riusP
431 582 488 590 --
517 558 795 595 Enumerarat
814 557 969 605 omnia,
1007 570 1112 609 quae
1135 571 1281 594 aurum
1302 556 1499 595 effossum
1522 556 1707 596 humano

247 617 427 673 „generi
453 612 647 662 induxit,
679 614 788 650 mala
815 612 1072 650 Mercurius.
1132 612 1321 651 Miratur
1349 611 1600 652 dementiam
1631 612 1709 651 ho·

283 675 441 712 minum
476 644 661 708 Charon.
743 669 848 706 Esse
878 678 1041 717 tamen,
1080 670 1237 722 regerit
1273 669 1418 718 Deus,
1460 669 1535 722 qui
1570 668 1616 708 id
1647 683 1711 708 re-

245 737 448 783 ‚‚spuant.
508 723 619 763 Ais?
661 724 808 776 inquit
827 723 1010 766 Charon,
1053 723 1165 764 sitne
1182 735 1321 764 tamen
1342 740 1453 763 unus
1472 728 1629 764 alterve
1651 724 1712 763 ita

248 781 484 838 „sapiens‘2
517 780 561 819 id
581 783 675 819 meis
693 781 797 819 hisce
817 780 977 822 auribus
997 795 1061 820 me
1084 791 1264 832 oportet.
1298 783 1529 820 Tacearnus
1550 782 1710 835 itaque,

249 853 329 890 „ut
353 839 535 886 audiam,
570 851 675 891 quae
699 835 806 874 dicit
825 835 1017 876 801οῑιέιι
1078 836 1141 874 Sit
1165 852 1285 875 suum
1308 838 1461 890 cuique
1485 836 1708 888 judicium.

244 895 483 951 Equidem,
516 894 589 948 qui
624 907 755 946 aeque
787 902 912 946 atque
942 891 1255 931 Hemsterlzusius
1278 893 1352 932 vix
1388 891 1618 947 quidquam
1649 906 1713 931 re-

246 956 357 995 ferre
379 961 551 1004 putem,
583 950 809 1001 impet1are
831 962 852 985 a
876 963 941 987 me
960 963 1046 987 non
1072 963 1268 1001 possum,
1298 958 1347 987 ut
1366 950 1491 989 verba
1518 949 1592 989 illa
1612 963 1712 988 con·

246 1021 311 1049 tra
340 1008 531 1048 omnium
559 1005 764 1045 librorum
797 1018 1049 1044 consensum
1081 1019 1104 1043 a
1123 1005 1334 1044 Mercurii
1364 1019 1557 1044 sermone
1582 1004 1716 1048 divel-

245 1068 342 1108 lam.
392 1065 493 1102 Len
501 1077 549 1101 M.

361 1133 458 1185 Pag
480 1133 548 1175 53.
573 1133 601 1169 1.
622 1131 662 1174 5
699 1132 781 1171 Τοῦ
817 1129 1049 1183 βελτίονος)
1082 1129 1244 1168 Confer
1275 1127 1476 1168 adversus
1505 1140 1653 1167 aurum
1673 1139 1717 1168 et

247 1198 467 1244 argentum
501 1201 578 1239 pro
607 1187 719 1226 ferro
755 1184 1044 1238 disputantem
1079 1185 1315 1224 Tertullam.
1347 1184 1398 1223 de
1422 1185 1533 1226 Cult.
1554 1185 1718 1224 Femiu.

245 1262 283 1286 c.
309 1247 385 1284 IV.
446 1242 565 1282 Idem
586 1243 690 1281 fecit
714 1240 915 1281 Clemens
904 1256 948 1278 m
969 1240 1149 1296 Paedag.
1172 1243 1331 1295 aliique
1351 1242 1544 1307 Patrum,
1575 1241 1718 1295 philo-

247 1301 433 1356 sophos,
465 1298 712 1352 praesertim
738 1297 936 1349 Stoicen,
968 1298 1140 1337 imitati.
1180 1299 1362 1339 Hnms‘r.

247 707 275 728 9)

359 1377 460 1419 Eacl.
485 1380 511 1419 1
536 1381 601 1421 13.
631 1374 748 1428 Ἐπίῃ
776 1378 958 1424 Λυδοῖς)
989 1377 1108 1414 Haec
1131 1375 1190 1414 ita
1213 1385 1314 1413 sunt
1342 1375 1521 1429 scripta,
1552 1387 1602 1415 ut
1621 1376 1716 1429 Cy-

246 1450 338 1477 rum
373 1435 559 1488 priorem
593 1446 703 1471 arma
736 1431 873 1485 Lydis
906 1432 1102 1471 intulisse
1137 1432 1406 1486 significent.
1439 1431 1488 1469 ab
1521 1433 1715 1471 omnibus

246 1504 388 1531 tamen
412 1489 631 1529 historicis
653 1488 834 1526 Croesus
869 1496 1016 1528 auctor
1038 1488 1140 1527 belli
1171 1487 1440 1540 perhibetur,
1472 1489 1562 1527 sive
1585 1489 1715 1528 sociis

246 1542 504 1600 Babyloniis
525 1544 733 1583 auxilium
753 1547 943 1594 laturus,
975 1543 1064 1583 sive
1088 1544 1223 1582 nimio
1244 1547 1362 1596 plus,
1398 1558 1523 1597 quam
1548 1545 1633 1583 sibi
1652 1555 1719 1584 tu-

247 1615 339 1643 tum
357 1601 493 1653 foret,
525 1615 709 1640 crescere
732 1615 816 1639 rem
835 1600 1047 1639 Persicam
1076 1609 1206 1640 ratus.
1256 1601 1438 1641 thMs'r.

359 1680 465 1722 Ead.
484 1683 512 1719 1.
536 1682 603 1724 18.
639 1673 857 1732 Εὗφήμει)
888 1679 986 1717 Hoc
1004 1687 1091 1728 est,
1124 1689 1227 1718 utere
1250 1677 1376 1718 verbis
1409 1679 1574 1719 meliora
1607 1682 1716 1720 omi—

247 1739 445 1779 nantibus.
507 1737 653 1775 Favere
671 1734 807 1788 lingua
839 1734 990 1773 dieunt
1019 1735 1194 1786 Latini3
1226 1749 1312 1788 quo
1345 1735 1419 1786 fit,
1459 1745 1507 1773 ut
1542 1737 1719 1776 Glossae

245 1801 417 1835 vertant
461 1791 678 1845 Εὗφημῶ,
713 1791 867 1848 faveo.-
917 1788 1174 1844 Εὖφημεῖτε,
1199 1792 1352 1848 sazete.
1423 1793 1540 1831 Huic
1587 1793 1719 1832 verbo

248 1849 509 1890 contrarium
537 1857 619 1898 est,
652 1850 866 1900 ὂυςφημῶ.
926 1846 1111 1886 Eaedem
1143 1848 1343 1886 Glossae:
1376 1854 1610 1901 Δυςφημεῖ,
1647 1852 1720 1888 in·-

236 1908 388 1971 fausta
407 1905 592 1959 loquitur.
627 1904 766 1943 CLEn.
827 1905 1027 1942 Formula
1049 1903 1252 1958 quaedam
1275 1905 1491 1952 solemnis,
1526 1918 1618 1944 cum
1644 1905 1719 1943 ali-

249 1962 355 2017 quid
377 1962 566 2000 infauste
589 1960 751 1999 dictum
776 1962 845 1999 vel
869 1960 1027 1998 factum
1051 1959 1371 2011 abominantur,
1405 1970 1446 1999 et
1466 1963 1615 2013 procul
1636 1975 1658 1999 a
1675 1974 1720 2000 se

246 2020 453 2058 facessere
474 2016 644 2070 jubent,
679 2017 723 2053 in
747 2030 829 2068 qua
854 2030 907 2054 ne
930 2016 1068 2067 ipsum
1095 2015 1264 2067 quidem
1288 2016 1395 2055 illud
1424 2014 1618 2071 ἄνθρωπε
1645 2017 1714 2054 in·-

247 2089 410 2113 cassum
432 2073 623 2126 ponitur.
684 2071 902 2111 Celebrem
927 2071 1137 2124 Sophoclis
1160 2073 1410 2110 sententiam
1431 2074 1560 2112 lefert
1583 2073 1715 2111 Theon

246 2132 477 2185 Progymn,
505 2143 545 2180 p.
575 2133 639 2171 14.
683 2128 718 2166 is
749 2137 948 2180 rogatus,
991 2138 1215 2167 vacaretne
1254 2142 1382 2167 senex
1412 2127 1549 2167 adhuc
1578 2129 1720 2168 Vene—

247 2201 342 2227 leae
363 2184 599 2253 voluptati,
631 2183 876 2236 respondit:
912 2182 1089 2237 Εὖςοημε
1093 2202 1123 2234 ι,
1158 2187 1187 2224 ὠ
1207 2183 1421 2237 ἄνθρωπε·
1453 2182 1595 2237 &saeve
1589 2185 1718 2224 ’σταται

247 2244 381 2296 μέντοι
405 2237 501 2282 αὔτα
523 2239 756 2295 ἀπέφυγον,
793 2238 923 2293 ω’ςπερ
945 2238 1143 2281 λυττῶντά
1165 2258 1253 2280 τινα
1274 2258 1338 2280 και
1359 2239 1497 2295 α’γριον
1521 2243 1562 2281 δε
1549 2240 1718 2292 εσπότην

247 2296 451 2350 ἆποδοάς·
493 2296 714 2364 depromta
745 2305 848 2335 sunt
876 2310 927 2335 ex
957 2296 1062 2336 Plat.
1095 2295 1146 2335 de
1175 2297 1280 2348 Rep.
1311 2297 1344 2336 I
1370 2310 1411 2349 p.
1437 2300 1530 2340 573
1555 2296 1606 2334 A.
1641 2297 1716 2334 ubi

246 2369 324 2407 pro
349 2350 531 2407 ἄποδοᾶς
553 2355 695 2405 pejus
730 2361 778 2389 ut
800 2350 970 2404 quidem
993 2361 1121 2405 puto,
1154 2350 1583 2406 legitu1·cizoq>vyoev'
1617 2353 1717 2391 audi

251 2410 469 2449 Ciceronem
495 2409 770 2460 interpretem
799 2407 891 2446 Cat.
923 2411 1002 2461 maj
1011 2414 1082 2456 .§.
1105 2413 1170 2451 47.
1232 2408 1302 2445 Dii
1329 2407 1516 2448 meam-:a
1557 2408 1718 2447 libenter

246 2481 332 2504 vero
365 2469 501 2513 istinc,
543 2475 729 2517 tanquam
759 2479 784 2501 a
816 2463 974 2503 domino
991 2423 1143 2516 Jagresti
1173 2464 1401 2532 acfmioso
1428 2464 1602 2520 pmfiaegi.
1664 2465 1717 2503 In

245 2522 418 2561 Arriani
441 2520 581 2573 Epict.
605 2520 687 2566 ΙΙΙ,
717 2523 754 2563 5.
779 2534 819 2571 p.
842 2525 937 2562 274.
969 2521 1161 2560 Socrates
1181 2516 1281 2560 καθ·
1301 2521 1452 2571 ηιιέοαν
1468 2523 1593 2573 χαίρει
1615 2537 1715 2573 παρ-

247 2581 487 2619 ακολουθῶν
514 2577 642 2630 ἑαυτῷ
650 2578 834 2644 βελτίονι
865 2576 1082 2630 γινομένῳ·
1113 2592 1214 2628 προς
1243 2578 1301 2625 τίς
1333 2594 1385 2627 μη
1408 2593 1445 2617 τι
1477 2576 1580 2630 ποός
1601 2579 1716 2626 Asgel-

246 2633 336 2685 δια·
369 2632 583 2699 ἄνθρωπε,
616 2648 805 2683 ειφτμει.
866 2631 994 2683 Apud
1018 2626 1224 2671 Platonem
1255 2631 1304 2670 de
1324 2632 1420 2672 LL.
1447 2633 1528 2673 111.
1550 2648 1593 2686 p.
1614 2638 1712 2677 816.

244 2691 296 2731 Ε.
357 2684 574 2741 Εὖφημει·
618 2687 693 2726 Ιιοε
722 2688 794 2726 Dii
817 2698 1018 2727 clv-tettan!
1065 2687 1108 2726 id
1141 2703 1186 2726 nc
1210 2703 1382 2740 unquam
1409 2689 1634 2742 contigerit:
1674 2697 1715 2726 et
