1781 3174
534 207 608 239 IN
678 194 1179 259 PiscATojREm.
1488 196 1585 243 551

115 309 173 348 ris
205 308 410 349 momenti
439 315 524 358 est,
565 304 680 362 quod
711 305 824 347 idem
857 307 1113 360 Anonymus
1144 314 1268 346 notat
1293 304 1347 346 ad
1376 305 1503 347 Iliad.
1537 310 1584 350 Θ.

118 381 158 406 v.
180 369 277 410 455.

338 417 468 463 ofin*
442 437 494 462 αν
513 416 583 473 ἐφ’
602 415 804 473 υμετέρων
828 417 950 474 ὄχὲων
968 419 1158 476 πληγέντε
1177 423 1366 477 κεραυνῷ

324 476 408 529 Ἀψ
431 479 472 525 ἐς
491 476 671 530 ὄλυμπον
689 479 884 520 ἵκεσθον·
915 500 972 508 -—-

112 536 311 574 nimirum
339 535 526 588 πληγέντε
548 534 736 586 positum
764 549 852 573 esse
873 548 950 586 pro
970 537 1194 589 πληγεῖσαι.
1253 532 1313 574 Et
1342 543 1454 574 certe
1480 534 1580 585 hoc,

112 595 180 630 vel
202 592 244 629 in
270 591 386 629 duali
411 593 627 645 πληγεῖσα,
672 594 864 640 postulat
898 589 1003 630 haec
1035 591 1198 631 oratio:
1237 592 1433 645 loquitur
1466 592 1580 631 enim

108 647 280 699 Jupiter
299 646 348 685 ad
373 648 586 688 Junonem
606 656 647 686 et
665 646 879 686 Palladem
893 679 903 696 ,
936 657 1064 700 atque
1084 647 1136 686 ad
1160 661 1227 686 eas
1246 645 1290 689 τὸ
1313 648 1504 702 πληγέντε
1516 657 1581 688 est

108 703 390 746 referendum,
423 705 501 742 Est
522 714 676 752 tamen,
709 702 785 740 ubi
811 702 988 742 omnino
1009 718 1096 742 non
1118 703 1331 743 audienda
1352 714 1415 743 est
1434 704 1580 742 istius-

108 759 225 798 modi
247 760 506 799 Graecorum
526 761 824 814 magistrorum
850 759 986 800 crisis.
1045 761 1221 800 Etenim
1241 775 1334 800 cum
1357 760 1471 815 apud
1489 760 1580 801 Ho-

104 833 251 856 merum
271 817 322 856 Il.
347 823 404 868 A,
432 820 529 862 503
561 816 720 871 legitur

602 896 659 903 —
696 870 775 914 Τὸν
795 872 836 914 δὲ
859 870 998 922 σκότος
1015 871 1106 915 όσσ’
1131 872 1327 926 ἐκάλυψε,

103 942 191 967 non
217 937 293 978 est,
327 938 377 967 ut
398 937 542 968 censet
566 929 821 981 Anonymus
847 930 944 977 ille,
977 930 1274 977 soloecismus;
1309 944 1389 969 nec
1413 943 1574 969 summa

101 985 188 1022 fuit
208 985 407 1035 Homero,
441 985 581 1024 utine
606 985 775 1035 innuit,
809 986 1036 1025 necessitas
1064 961 1278 1026 scribendi
1311 986 1405 1025 sine
1435 989 1574 1025 soloe-

102 1042 234 1080 cismo
269 1065 320 1071 —
352 1046 426 1082 τοῦ
449 1041 490 1083 δὲ
513 1039 652 1090 σκότος
670 1038 759 1083 ὅσσ’
784 1039 972 1094 ἐκάλυψε.
1033 1044 1114 1082 Est
1134 1044 1332 1081 nimirum
1357 1042 1576 1081 solennis-

102 1097 207 1136 sima
243 1098 314 1136 illa
346 1098 532 1151 ellipsis,
577 1109 705 1151 atque
740 1098 798 1136 ita
833 1098 1052 1138 commode
1085 1098 1390 1151 intelligenda:
1430 1097 1501 1140 τὸν
1533 1101 1574 1140 δὲ

99 1153 243 1202 σκότος
262 1152 437 1206 ἐκάλυψε
459 1153 558 1196 κατὰ
594 1154 646 1196 τώ
666 1153 775 1205 ὄσσε,
807 1156 928 1204 hunc,
970 1167 1159 1210 quantum
1192 1156 1246 1193 ad
1278 1155 1432 1203 oculos,
1465 1166 1573 1194 iene-

98 1211 190 1248 ἶφι-αα
218 1211 472 1250 involverunt.
531 1212 704 1265 (Atque
744 1213 804 1250 ita
832 1225 875 1249 se
906 1212 997 1264 ipse
1028 1212 1129 1250 satis
1166 1211 1355 1250 dilucide
1384 1211 1572 1263 exponit

93 1266 291 1306 Homerus
306 1299 316 1318 ,
347 1277 395 1305 ut
418 1268 491 1322 qui
512 1269 564 1308 Il.
589 1273 646 1318 E,
667 1274 734 1312 82.
756 1274 831 1319 (et
853 1272 919 1317 Π,
941 1270 1072 1317 333.)
1103 1281 1276 1306 narrans
1310 1268 1571 1321 Hypsenora

94 1322 146 1361 ab
167 1324 396 1377 Eurypylo
420 1324 607 1363 occisum
630 1358 642 1375 ,
675 1324 829 1364 diserte
854 1324 917 1362 ait

907 1403 964 1411 -—
993 1379 1064 1423 τὸν
1082 1380 1124 1423 δὲ
1143 1378 1233 1422 κατ’
1259 1376 1351 1422 ὄσσε

304 1433 472 1489 ’Έλλαβε
496 1435 732 1491 ποοφύρεος
751 1433 931 1485 θάνατος
951 1454 1018 1478 και
1042 1444 1163 1492 μοῖρα
1185 1454 1297 1491 κρατ
1289 1435 1370 1489 ιιή.

92 1493 219 1532 Hanc
240 1492 516 1546 parenthesin
537 1494 715 1533 inseruit
731 1493 884 1533 Hemst.
901 1492 917 1546 )
958 1494 1204 1547 Apollonius
1234 1507 1406 1547 quoque
1446 1493 1570 1535 Rho-

96 1549 184 1588 dius
205 1562 514 1601 nonnunquam
533 1553 679 1603 paullo
709 1550 912 1603 injustius
936 1551 984 1588 ab
1007 1550 1235 1590 Scholiasta
1262 1565 1340 1589 suo
1371 1552 1570 1604 exagita-

95 1615 176 1645 tur.
238 1605 298 1644 Ut
321 1605 538 1654 omittam,
573 1606 688 1659 quod
710 1606 1028 1658 complmibus'
1019 1622 1060 1644 m
1084 1608 1214 1655 locis,
1247 1606 1322 1644 ubi
1344 1611 1470 1658 poeta
1485 1606 1568 1646 iste

95 1661 140 1705 τό
165 1678 239 1715 σφε
232 1663 531 1712 '·15903‚Svtn053‚
555 1663 920 1715 cleun0‚nsu1pat,
945 1663 1182 1701 identidem
1201 1677 1288 1701 non
1306 1672 1417 1701 recte
1431 1663 1569 1714 sciip-

89 1721 192 1758 sisse
205 1719 254 1757 ab
281 1718 507 1757 Scholiasta
522 1734 600 1757 suo
617 1719 832 1772 arguitur-3
862 1733 983 1770 quam
999 1719 1141 1764 crisin,
1155 1719 1403 1769 utiniquam
1419 1723 1566 1770 explo⁴²

91 1784 237 1815 serunt
257 1774 415 1812 dudum
439 1775 623 1824 eruditi,
657 1776 710 1815 Is.
736 1775 988 1813 Casaubonus
1022 1774 1073 1813 ad
1093 1775 1240 1814 Athen.
1258 1775 1336 1814 IX.
1366 1789 1400 1813 e.
1422 1779 1460 1816 4.
1492 1775 1563 1814 ΕΖ.

92 1832 352 1885 Spanlzemius
377 1830 428 1868 ad
453 1829 738 1871 Callimachum
759 1845 852 1884 pag.
872 1835 967 1874 457.
1029 1830 1117 1869 Ubi
1150 1830 1263 1884 apud
1288 1831 1403 1868 hunc
1431 1829 1504 1869 lib.
1526 1832 1562 1869 Ῐ.

91 1903 132 1927 ν.
157 1893 254 1930 440.
287 1888 419 1927 Jason
443 1888 662 1940 Apollinis
688 1890 905 1926 oraculum
934 1886 1165 1927 comitibus
1196 1887 1286 1926 suis
1315 1887 1400 1927 hoc
1429 1886 1561 1927 modo

90 1945 319 2013 profatur,

306 1997 430 2051 Τμῖν
447 2000 517 2052 μὲν
536 1998 585 2053 δη
603 2005 725 2054 μοῖρα
743 2005 792 2041 θε
797 2005 853 2042 aiv
871 2016 988 2054 χρειω
1010 2017 1051 2042 τε
1067 2004 1239 2054 περῆσαι

304 2054 480 2098 Ἐνθάδε
502 2062 610 2105 κῶςς
630 2059 810 2110 ἔχοντας,
846 2082 893 2086 —-

89 2115 297 2168 interpres
327 2114 513 2151 Graecus
539 2114 747 2152 continuo
771 2114 924 2161 insert,
961 2113 1202 2165 oportuisse
1222 2112 1389 2167 ἄγουσι·
1420 2114 1563 2165 (nem-

88 2186 169 2224 pe,
203 2181 251 2209 ut
285 2170 367 2208 hoc
402 2171 540 2208 obiter
572 2169 727 2219 dicam,
763 2170 1020 2209 scholiastes
1050 2169 1120 2207 ille
1141 2170 1184 2207 in
1206 2184 1282 2208 suo
1303 2171 1416 2209 libro
1444 2173 1562 2223 lege-

90 2229 161 2267 bat
197 2225 394 2281 ἄγοντας,
425 2240 512 2264 non
543 2228 718 2279 ἔχοντας.
779 2227 837 2263 Et
870 2227 980 2264 forte
1010 2225 1113 2264 haec
1139 2227 1286 2264 sanior
1313 2237 1375 2265 est
1404 2228 1560 2266 lectio:

91 2299 187 2322 nam
212 2285 273 2322 sic
295 2287 404 2329 κῶας
434 2282 475 2334 c}-
477 2299 544 2323 ειν
575 2283 740 2335 reperio
775 2296 945 2336 quoque
979 2282 1022 2318 in
1055 2281 1138 2320 hoc
1169 2287 1321 2334 po'e'tae
1355 2284 1561 2336 anonymi

94 2340 209 2394 apud
226 2339 400 2396 Etymol.
418 2339 481 2379 M.
507 2339 779 2392 scriptorem,
812 2353 914 2377 voce
937 2336 1121 2388 Κώὸιῡν,
1153 2340 1418 2392 fragmento,

313 2400 432 2443 Κώας·
454 2413 520 2448 aye
507 2414 562 2437 ιν
584 2413 688 2445 κριο
696 2413 716 2438 ο
741 2400 944 2447 μεμαῶτας
971 2396 1058 2441 -)

89 2451 357 2491 referendum
380 2453 492 2491 enim
525 2451 568 2490 id
591 2467 678 2491 esse
700 2452 751 2491 ad
774 2451 816 2493 τὸ
836 2470 873 2501 v
871 2457 945 2491 ιῖν.
1007 2449 1087 2488 δαὶ
1119 2465 1222 2490 vero
1250 2451 1363 2490 sicut
1393 2449 1558 2508 α’γουσι,

93 2509 184 2547 sive
207 2509 364 2573 ἔχουσι..
399 2523 486 2547 non
516 2508 668 2547 fuisset
692 2492 973 2557 culpandum,
1006 2507 1064 2545 ita
1090 2522 1201 2545 nunc
1233 2519 1404 2560 quartus
1439 2524 1560 2547 casus

91 2564 143 2602 ab
168 2565 284 2602 omni
312 2564 421 2602 vitio
448 2579 577 2616 purus
610 2575 685 2604 est.
745 2561 1108 2616 Quemadmodum
1138 2564 1248 2601 enim
1284 2566 1410 2604 etiam
1435 2567 1560 2604 Lati-

89 2634 144 2659 ne
172 2620 332 2658 dicitur
355 2623 451 2659 mila·
472 2624 595 2661 otioso
627 2638 704 2661 esse
733 2638 809 2660 non
840 2621 951 2665 licet,
985 2620 1143 2673 expedit
1176 2620 1296 2659 bonas
1324 2639 1400 2661 esse
1426 2623 1558 2670 vobis,

93 2677 155 2715 ita
180 2687 221 2716 et
244 2691 329 2730 quo
350 2678 490 2714 minus
517 2678 676 2717 Graece
706 2678 917 2730 possimus
940 2686 1121 2728 utroque
1143 2677 1268 2715 modo
1290 2679 1433 2731 loqui,
1467 2682 1560 2716 nul-

93 2736 136 2774 la
158 2742 218 2774 est
245 2735 377 2782 ratio,
411 2734 535 2774 modo
560 2745 670 2774 recte
693 2736 737 2775 in
760 2731 1047 2773 construendo
1069 2732 1370 2789 distinguatur,
1430 2735 1559 2786 Apol-
