<?xml version="1.0" encoding="UTF-8"?>
<!DOCTYPE html PUBLIC "-//W3C//DTD XHTML 1.0 Transitional//EN"
    "http://www.w3.org/TR/xhtml1/DTD/xhtml1-transitional.dtd">
<html xmlns="http://www.w3.org/1999/xhtml" xml:lang="en" lang="en">
 <head>
  <title>
</title>
<meta http-equiv="Content-Type" content="text/html;charset=utf-8" />
  <meta name='ocr-system' content='tesseract 3.04.00' />
  <meta name='ocr-capabilities' content='ocr_page ocr_carea ocr_par ocr_line ocrx_word'/>
</head>
<body>
  <div class='ocr_page' id='page_1' title='image "./operagraeceetlat03luciuoft_0656.png"; bbox 0 0 1781 3174; ppageno 0'>
   <div class='ocr_carea' id='block_1_1' title="bbox 207 195 1324 241">
    <p class='ocr_par' dir='ltr' id='par_1_1' title="bbox 207 195 1324 241">
     <span class='ocr_line' id='line_1_1' title="bbox 207 195 1324 241; baseline -0.004 -5"><span class='ocrx_word' id='word_1_1' title='bbox 207 195 305 241; x_wconf 83' lang='lat'>618</span> <span class='ocrx_word' id='word_1_2' title='bbox 561 201 1324 233; x_wconf 69' lang='lat' dir='ltr'>ADNOTA&#39;rioNEs</span> 
     </span>
    </p>
   </div>
   <div class='ocr_carea' id='block_1_2' title="bbox 202 299 1673 517">
    <p class='ocr_par' dir='ltr' id='par_1_2' title="bbox 202 299 1673 517">
     <span class='ocr_line' id='line_1_2' title="bbox 320 299 1673 358; baseline -0.001 -16"><span class='ocrx_word' id='word_1_3' title='bbox 320 303 422 358; x_wconf 78' lang='lat' dir='ltr'>Pag.</span> <span class='ocrx_word' id='word_1_4' title='bbox 459 306 555 346; x_wconf 80' lang='lat'><strong>213.</strong></span> <span class='ocrx_word' id='word_1_5' title='bbox 584 303 610 343; x_wconf 89' lang='lat' dir='ltr'><strong>l.</strong></span> <span class='ocrx_word' id='word_1_6' title='bbox 643 305 678 343; x_wconf 86' lang='lat'><strong>1.</strong></span> <span class='ocrx_word' id='word_1_7' title='bbox 721 301 1013 354; x_wconf 75' lang='grc' dir='ltr'><em>Προκαταχθ.)</em></span> <span class='ocrx_word' id='word_1_8' title='bbox 1054 299 1148 339; x_wconf 82' lang='lat' dir='ltr'>Diu</span> <span class='ocrx_word' id='word_1_9' title='bbox 1184 315 1249 340; x_wconf 88' lang='lat' dir='ltr'>me</span> <span class='ocrx_word' id='word_1_10' title='bbox 1282 315 1370 340; x_wconf 77' lang='lat' dir='ltr'>vox</span> <span class='ocrx_word' id='word_1_11' title='bbox 1405 301 1508 340; x_wconf 85' lang='lat' dir='ltr'>haec</span> <span class='ocrx_word' id='word_1_12' title='bbox 1537 302 1673 342; x_wconf 77' lang='lat' dir='ltr'>torsit.</span> 
     </span>
     <span class='ocr_line' id='line_1_3' title="bbox 206 356 1672 412; baseline -0.002 -11"><span class='ocrx_word' id='word_1_13' title='bbox 206 361 346 401; x_wconf 85' lang='lat' dir='ltr'>Video</span> <span class='ocrx_word' id='word_1_14' title='bbox 367 358 558 408; x_wconf 84' lang='lat' dir='ltr'>tandem,</span> <span class='ocrx_word' id='word_1_15' title='bbox 594 357 698 410; x_wconf 84' lang='lat' dir='ltr'>quid</span> <span class='ocrx_word' id='word_1_16' title='bbox 719 357 948 411; x_wconf 80' lang='lat' dir='ltr'>significet.</span> <span class='ocrx_word' id='word_1_17' title='bbox 1015 356 1244 412; x_wconf 76' lang='grc' dir='ltr'><em>Κατάγομαι</em></span> <span class='ocrx_word' id='word_1_18' title='bbox 1263 368 1326 397; x_wconf 87' lang='lat' dir='ltr'>est</span> <span class='ocrx_word' id='word_1_19' title='bbox 1346 357 1555 409; x_wconf 66' lang='lat' dir='ltr'>diversari,</span> <span class='ocrx_word' id='word_1_20' title='bbox 1587 359 1672 398; x_wconf 73' lang='lat' dir='ltr'>hos-</span> 
     </span>
     <span class='ocr_line' id='line_1_4' title="bbox 202 413 1673 475; baseline -0.004 -16"><span class='ocrx_word' id='word_1_21' title='bbox 202 421 303 475; x_wconf 77' lang='lat' dir='ltr'>pitio</span> <span class='ocrx_word' id='word_1_22' title='bbox 330 419 477 470; x_wconf 66' lang='lat' dir='ltr'>excipi.</span> <span class='ocrx_word' id='word_1_23' title='bbox 521 425 704 466; x_wconf 74' lang='lat' dir='ltr'>uterque</span> <span class='ocrx_word' id='word_1_24' title='bbox 740 414 946 466; x_wconf 76' lang='lat' dir='ltr'>interpres</span> <span class='ocrx_word' id='word_1_25' title='bbox 981 413 1106 453; x_wconf 83' lang='lat' dir='ltr'>aliter</span> <span class='ocrx_word' id='word_1_26' title='bbox 1141 425 1183 453; x_wconf 86' lang='lat' dir='ltr'>et</span> <span class='ocrx_word' id='word_1_27' title='bbox 1219 415 1433 453; x_wconf 80' lang='lat' dir='ltr'>intellexit</span> <span class='ocrx_word' id='word_1_28' title='bbox 1459 425 1502 454; x_wconf 85' lang='lat' dir='ltr'>et</span> <span class='ocrx_word' id='word_1_29' title='bbox 1530 416 1673 458; x_wconf 81' lang='lat' dir='ltr'>vertit.</span> 
     </span>
     <span class='ocr_line' id='line_1_5' title="bbox 206 470 1599 517; baseline -0.001 -4"><span class='ocrx_word' id='word_1_30' title='bbox 206 478 379 517; x_wconf 79' lang='lat' dir='ltr'><strong>SOLAN.</strong></span> <span class='ocrx_word' id='word_1_31' title='bbox 441 474 498 511; x_wconf 90' lang='lat' dir='ltr'>At</span> <span class='ocrx_word' id='word_1_32' title='bbox 519 470 617 511; x_wconf 79' lang='lat' dir='ltr'>vide</span> <span class='ocrx_word' id='word_1_33' title='bbox 639 470 863 510; x_wconf 82' lang='lat' dir='ltr'>secundam</span> <span class='ocrx_word' id='word_1_34' title='bbox 885 470 935 510; x_wconf 88' lang='lat' dir='ltr'>ab</span> <span class='ocrx_word' id='word_1_35' title='bbox 958 470 1037 508; x_wconf 88' lang='lat' dir='ltr'>hac</span> <span class='ocrx_word' id='word_1_36' title='bbox 1059 470 1408 510; x_wconf 80' lang='lat' dir='ltr'>Adnotationem.</span> <span class='ocrx_word' id='word_1_37' title='bbox 1440 472 1599 511; x_wconf 71' lang='lat' dir='ltr'>Liznm.</span> 
     </span>
    </p>
   </div>
   <div class='ocr_carea' id='block_1_3' title="bbox 201 544 1678 2136">
    <p class='ocr_par' dir='ltr' id='par_1_3' title="bbox 204 544 1673 779">
     <span class='ocr_line' id='line_1_6' title="bbox 319 544 1673 604; baseline -0.001 -12"><span class='ocrx_word' id='word_1_38' title='bbox 319 553 471 594; x_wconf 76' lang='lat' dir='ltr'>Ead.1.</span> <span class='ocrx_word' id='word_1_39' title='bbox 496 559 536 596; x_wconf 83' lang='lat'><strong>3.</strong></span> <span class='ocrx_word' id='word_1_40' title='bbox 570 552 649 592; x_wconf 75' lang='grc' dir='ltr'>Καὶ</span> <span class='ocrx_word' id='word_1_41' title='bbox 671 549 739 601; x_wconf 75' lang='grc' dir='ltr'>σὺ,</span> <span class='ocrx_word' id='word_1_42' title='bbox 773 544 804 591; x_wconf 73' lang='grc' dir='ltr'><em>ὦ</em></span> <span class='ocrx_word' id='word_1_43' title='bbox 830 549 985 604; x_wconf 74' lang='grc' dir='ltr'>Ἑρμῆ)</span> <span class='ocrx_word' id='word_1_44' title='bbox 1024 552 1213 602; x_wconf 79' lang='lat' dir='ltr'>Mirum,</span> <span class='ocrx_word' id='word_1_45' title='bbox 1251 551 1550 591; x_wconf 72' lang='lat' dir='ltr'>BourdeZotium</span> <span class='ocrx_word' id='word_1_46' title='bbox 1585 565 1673 590; x_wconf 88' lang='lat' dir='ltr'>non</span> 
     </span>
     <span class='ocr_line' id='line_1_7' title="bbox 204 606 1673 663; baseline -0.003 -11"><span class='ocrx_word' id='word_1_47' title='bbox 204 611 416 663; x_wconf 81' lang='lat' dir='ltr'><strong>recepisse</strong></span> <span class='ocrx_word' id='word_1_48' title='bbox 437 606 772 662; x_wconf 70' lang='lat' dir='ltr'>Ms.A1&#39;1glicani</span> <span class='ocrx_word' id='word_1_49' title='bbox 794 609 1067 660; x_wconf 81' lang='lat' dir='ltr'>scripturam,</span> <span class='ocrx_word' id='word_1_50' title='bbox 1100 609 1173 661; x_wconf 90' lang='lat' dir='ltr'>qui</span> <span class='ocrx_word' id='word_1_51' title='bbox 1213 622 1307 647; x_wconf 85' lang='lat' dir='ltr'>vere</span> <span class='ocrx_word' id='word_1_52' title='bbox 1341 622 1434 646; x_wconf 88' lang='lat' dir='ltr'>cum</span> <span class='ocrx_word' id='word_1_53' title='bbox 1467 608 1570 647; x_wconf 85' lang='lat' dir='ltr'>meis</span> <span class='ocrx_word' id='word_1_54' title='bbox 1591 622 1673 648; x_wconf 79' lang='lat' dir='ltr'>ex·-</span> 
     </span>
     <span class='ocr_line' id='line_1_8' title="bbox 206 662 1673 721; baseline -0.003 -14"><span class='ocrx_word' id='word_1_55' title='bbox 206 667 362 721; x_wconf 86' lang='lat' dir='ltr'>cerptis</span> <span class='ocrx_word' id='word_1_56' title='bbox 386 665 556 713; x_wconf 85' lang='lat' dir='ltr'><strong>scribit,</strong></span> <span class='ocrx_word' id='word_1_57' title='bbox 587 667 652 706; x_wconf 73' lang='grc' dir='ltr'><em>καὶ</em></span> <span class='ocrx_word' id='word_1_58' title='bbox 675 663 723 705; x_wconf 77' lang='grc' dir='ltr'><em>σύ</em></span> <span class='ocrx_word' id='word_1_59' title='bbox 741 662 865 718; x_wconf 81' lang='grc' dir='ltr'><em>Ἑρμῆ</em></span> <span class='ocrx_word' id='word_1_60' title='bbox 884 662 1214 715; x_wconf 71' lang='grc' dir='ltr'><em>συνανάσπασον,</em></span> <span class='ocrx_word' id='word_1_61' title='bbox 1246 675 1280 702; x_wconf 82' lang='lat' dir='ltr'>et</span> <span class='ocrx_word' id='word_1_62' title='bbox 1300 676 1341 703; x_wconf 78' lang='lat' dir='ltr'>tu</span> <span class='ocrx_word' id='word_1_63' title='bbox 1357 664 1477 704; x_wconf 79' lang='lat' dir='ltr'>simul</span> <span class='ocrx_word' id='word_1_64' title='bbox 1497 665 1673 715; x_wconf 72' lang='lat' dir='ltr'>extrahe,</span> 
     </span>
     <span class='ocr_line' id='line_1_9' title="bbox 207 720 1283 779; baseline -0.003 -17"><span class='ocrx_word' id='word_1_65' title='bbox 207 722 400 779; x_wconf 79' lang='lat' dir='ltr'>quamvis</span> <span class='ocrx_word' id='word_1_66' title='bbox 418 725 587 775; x_wconf 80' lang='lat' dir='ltr'>vulgata</span> <span class='ocrx_word' id='word_1_67' title='bbox 607 736 693 760; x_wconf 90' lang='lat' dir='ltr'>non</span> <span class='ocrx_word' id='word_1_68' title='bbox 719 721 774 759; x_wconf 82' lang='lat' dir='ltr'>sit</span> <span class='ocrx_word' id='word_1_69' title='bbox 791 720 1070 760; x_wconf 75' lang='lat' dir='ltr'><strong>exsibilanda.</strong></span> <span class='ocrx_word' id='word_1_70' title='bbox 1105 722 1283 760; x_wconf 74' lang='lat' dir='ltr'><strong>GRAEV.</strong></span> 
     </span>
    </p>

    <p class='ocr_par' dir='ltr' id='par_1_4' title="bbox 203 776 1678 1570">
     <span class='ocr_line' id='line_1_10' title="bbox 320 776 1675 832; baseline 0 -14"><span class='ocrx_word' id='word_1_71' title='bbox 320 779 426 820; x_wconf 78' lang='lat' dir='ltr'><strong>Ibid.</strong></span> <span class='ocrx_word' id='word_1_72' title='bbox 456 778 760 830; x_wconf 70' lang='grc' dir='ltr'><em>Συνάρπασον)</em></span> <span class='ocrx_word' id='word_1_73' title='bbox 792 779 917 832; x_wconf 72' lang='lat' dir='ltr'><strong>Angl.</strong></span> <span class='ocrx_word' id='word_1_74' title='bbox 945 776 1270 820; x_wconf 70' lang='grc' dir='ltr'><em>συνανάσπασον.</em></span> <span class='ocrx_word' id='word_1_75' title='bbox 1302 776 1481 817; x_wconf 74' lang='lat' dir='ltr'>Romu).</span> <span class='ocrx_word' id='word_1_76' title='bbox 1541 783 1675 819; x_wconf 85' lang='grc' dir='ltr'><em>Συνα-</em></span> 
     </span>
     <span class='ocr_line' id='line_1_11' title="bbox 205 833 1674 890; baseline -0.005 -11"><span class='ocrx_word' id='word_1_77' title='bbox 205 835 420 880; x_wconf 74' lang='grc' dir='ltr'><em>νάσπασον</em></span> <span class='ocrx_word' id='word_1_78' title='bbox 440 837 491 874; x_wconf 91' lang='grc' dir='ltr'>Α.</span> <span class='ocrx_word' id='word_1_79' title='bbox 515 836 565 874; x_wconf 92' lang='lat' dir='ltr'>G.</span> <span class='ocrx_word' id='word_1_80' title='bbox 587 836 632 873; x_wconf 87' lang='lat' dir='ltr'><strong>P.</strong></span> <span class='ocrx_word' id='word_1_81' title='bbox 662 845 700 873; x_wconf 84' lang='lat' dir='ltr'>et</span> <span class='ocrx_word' id='word_1_82' title='bbox 724 836 778 874; x_wconf 89' lang='lat' dir='ltr'>L.</span> <span class='ocrx_word' id='word_1_83' title='bbox 804 833 1077 890; x_wconf 72' lang='grc' dir='ltr'><em>Συνάρπασον</em></span> <span class='ocrx_word' id='word_1_84' title='bbox 1106 836 1150 873; x_wconf 89' lang='lat' dir='ltr'>in</span> <span class='ocrx_word' id='word_1_85' title='bbox 1174 836 1261 874; x_wconf 80' lang='lat' dir='ltr'>Ms.</span> <span class='ocrx_word' id='word_1_86' title='bbox 1291 834 1342 876; x_wconf 90' lang='lat' dir='ltr'><strong>O.</strong></span> <span class='ocrx_word' id='word_1_87' title='bbox 1374 844 1416 874; x_wconf 87' lang='lat' dir='ltr'>et</span> <span class='ocrx_word' id='word_1_88' title='bbox 1444 833 1538 874; x_wconf 76' lang='lat' dir='ltr'>ed&#39;d.</span> <span class='ocrx_word' id='word_1_89' title='bbox 1575 834 1674 877; x_wconf 80' lang='lat' dir='ltr'>Vid,</span> 
     </span>
     <span class='ocr_line' id='line_1_12' title="bbox 206 891 1674 936; baseline -0.002 -4"><span class='ocrx_word' id='word_1_90' title='bbox 206 894 305 936; x_wconf 83' lang='lat' dir='ltr'>Jud.</span> <span class='ocrx_word' id='word_1_91' title='bbox 326 895 433 934; x_wconf 87' lang='lat' dir='ltr'>Voc.</span> <span class='ocrx_word' id='word_1_92' title='bbox 458 898 538 935; x_wconf 90' lang='lat' dir='ltr'><strong>c.7.</strong></span> <span class='ocrx_word' id='word_1_93' title='bbox 556 893 653 931; x_wconf 84' lang='lat' dir='ltr'>Ver.</span> <span class='ocrx_word' id='word_1_94' title='bbox 679 892 792 932; x_wconf 67' lang='lat' dir='ltr'>Uist.</span> <span class='ocrx_word' id='word_1_95' title='bbox 815 892 873 934; x_wconf 84' lang='grc' dir='ltr'>Π,</span> <span class='ocrx_word' id='word_1_96' title='bbox 896 907 927 933; x_wconf 89' lang='lat' dir='ltr'>c.</span> <span class='ocrx_word' id='word_1_97' title='bbox 944 898 981 936; x_wconf 85' lang='lat'><strong>6.</strong></span> <span class='ocrx_word' id='word_1_98' title='bbox 1007 902 1046 931; x_wconf 87' lang='lat' dir='ltr'>et</span> <span class='ocrx_word' id='word_1_99' title='bbox 1070 893 1179 931; x_wconf 86' lang='lat' dir='ltr'>Luc.</span> <span class='ocrx_word' id='word_1_100' title='bbox 1203 891 1368 931; x_wconf 86' lang='lat' dir='ltr'>s.Asin.</span> <span class='ocrx_word' id='word_1_101' title='bbox 1390 896 1475 934; x_wconf 80' lang='lat' dir='ltr'>e.4.</span> <span class='ocrx_word' id='word_1_102' title='bbox 1507 891 1674 933; x_wconf 83' lang='lat' dir='ltr'><strong>SOLAN,</strong></span> 
     </span>
     <span class='ocr_line' id='line_1_13' title="bbox 204 946 1676 1004; baseline -0.003 -13"><span class='ocrx_word' id='word_1_103' title='bbox 204 952 324 991; x_wconf 81' lang='lat' dir='ltr'>Haec</span> <span class='ocrx_word' id='word_1_104' title='bbox 357 950 485 988; x_wconf 86' lang='lat' dir='ltr'>citata</span> <span class='ocrx_word' id='word_1_105' title='bbox 518 949 758 1002; x_wconf 81' lang='lat' dir='ltr'>pertinent,</span> <span class='ocrx_word' id='word_1_106' title='bbox 801 948 888 986; x_wconf 82' lang='lat' dir='ltr'>nisi</span> <span class='ocrx_word' id='word_1_107' title='bbox 919 949 1085 1004; x_wconf 76' lang='lat' dir='ltr'><strong>egregie</strong></span> <span class='ocrx_word' id='word_1_108' title='bbox 1116 950 1266 997; x_wconf 84' lang='lat' dir='ltr'>fallor,</span> <span class='ocrx_word' id='word_1_109' title='bbox 1309 946 1360 987; x_wconf 71' lang='lat' dir='ltr'>ad</span> <span class='ocrx_word' id='word_1_110' title='bbox 1397 949 1676 1000; x_wconf 82' lang='lat' dir='ltr'>penultimam</span> 
     </span>
     <span class='ocr_line' id='line_1_14' title="bbox 207 1002 1675 1058; baseline -0.002 -13"><span class='ocrx_word' id='word_1_111' title='bbox 207 1008 352 1047; x_wconf 66' lang='lat' dir='ltr'>Solam]</span> <span class='ocrx_word' id='word_1_112' title='bbox 388 1006 735 1054; x_wconf 77' lang='lat' dir='ltr'>adnotationem,</span> <span class='ocrx_word' id='word_1_113' title='bbox 775 1020 853 1057; x_wconf 76' lang='lat' dir='ltr'>qua</span> <span class='ocrx_word' id='word_1_114' title='bbox 888 1007 923 1044; x_wconf 91' lang='lat' dir='ltr'>is</span> <span class='ocrx_word' id='word_1_115' title='bbox 948 1006 1098 1045; x_wconf 82' lang='lat' dir='ltr'>docere</span> <span class='ocrx_word' id='word_1_116' title='bbox 1126 1004 1290 1056; x_wconf 75' lang='lat' dir='ltr'>voluit,</span> <span class='ocrx_word' id='word_1_117' title='bbox 1320 1002 1569 1058; x_wconf 68' lang='grc' dir='ltr'><em>κατάγεσθαι</em></span> <span class='ocrx_word' id='word_1_118' title='bbox 1585 1019 1675 1044; x_wconf 85' lang='lat' dir='ltr'>esse</span> 
     </span>
     <span class='ocr_line' id='line_1_15' title="bbox 207 1061 1677 1116; baseline -0.003 -13"><span class='ocrx_word' id='word_1_119' title='bbox 207 1065 416 1112; x_wconf 68' lang='lat' dir='ltr'>diser-sari,</span> <span class='ocrx_word' id='word_1_120' title='bbox 449 1064 616 1116; x_wconf 72' lang='lat' dir='ltr'>hospitio</span> <span class='ocrx_word' id='word_1_121' title='bbox 648 1065 802 1115; x_wconf 62' lang='lat' dir='ltr'>eoecfpi,</span> <span class='ocrx_word' id='word_1_122' title='bbox 837 1073 962 1116; x_wconf 84' lang='lat' dir='ltr'>atque</span> <span class='ocrx_word' id='word_1_123' title='bbox 989 1063 1093 1102; x_wconf 85' lang='lat' dir='ltr'>adeo</span> <span class='ocrx_word' id='word_1_124' title='bbox 1127 1063 1275 1101; x_wconf 64' lang='lat' dir='ltr'>Reizzii</span> <span class='ocrx_word' id='word_1_125' title='bbox 1298 1061 1477 1101; x_wconf 80' lang='lat' dir='ltr'>editoris</span> <span class='ocrx_word' id='word_1_126' title='bbox 1508 1061 1677 1115; x_wconf 84' lang='lat' dir='ltr'>impru-</span> 
     </span>
     <span class='ocr_line' id='line_1_16' title="bbox 207 1117 1676 1171; baseline -0.002 -11"><span class='ocrx_word' id='word_1_127' title='bbox 207 1122 354 1160; x_wconf 84' lang='lat' dir='ltr'>dentia</span> <span class='ocrx_word' id='word_1_128' title='bbox 386 1119 470 1158; x_wconf 86' lang='lat' dir='ltr'>huc</span> <span class='ocrx_word' id='word_1_129' title='bbox 501 1129 601 1158; x_wconf 90' lang='lat' dir='ltr'>sunt</span> <span class='ocrx_word' id='word_1_130' title='bbox 637 1118 788 1159; x_wconf 70' lang='lat' dir='ltr'>delata.</span> <span class='ocrx_word' id='word_1_131' title='bbox 850 1120 950 1158; x_wconf 78' lang='lat' dir='ltr'>Non</span> <span class='ocrx_word' id='word_1_132' title='bbox 973 1131 1061 1158; x_wconf 80' lang='lat' dir='ltr'>erat</span> <span class='ocrx_word' id='word_1_133' title='bbox 1083 1132 1245 1168; x_wconf 74' lang='lat' dir='ltr'>autem,</span> <span class='ocrx_word' id='word_1_134' title='bbox 1281 1118 1394 1171; x_wconf 86' lang='lat' dir='ltr'>quod</span> <span class='ocrx_word' id='word_1_135' title='bbox 1418 1117 1591 1156; x_wconf 69' lang='lat' dir='ltr'>solanus</span> <span class='ocrx_word' id='word_1_136' title='bbox 1609 1120 1676 1157; x_wconf 81' lang='lat' dir='ltr'>vel</span> 
     </span>
     <span class='ocr_line' id='line_1_17' title="bbox 205 1176 1676 1229; baseline -0.002 -12"><span class='ocrx_word' id='word_1_137' title='bbox 205 1193 250 1217; x_wconf 70' lang='lat' dir='ltr'>ae</span> <span class='ocrx_word' id='word_1_138' title='bbox 273 1177 434 1229; x_wconf 87' lang='lat' dir='ltr'>ipsum,</span> <span class='ocrx_word' id='word_1_139' title='bbox 466 1179 535 1214; x_wconf 89' lang='lat' dir='ltr'>vel</span> <span class='ocrx_word' id='word_1_140' title='bbox 557 1179 697 1214; x_wconf 87' lang='lat' dir='ltr'>locum</span> <span class='ocrx_word' id='word_1_141' title='bbox 727 1186 966 1229; x_wconf 81' lang='lat' dir='ltr'>torqueret,</span> <span class='ocrx_word' id='word_1_142' title='bbox 1004 1176 1129 1214; x_wconf 76' lang='lat' dir='ltr'>modo</span> <span class='ocrx_word' id='word_1_143' title='bbox 1161 1176 1583 1228; x_wconf 68' lang='lat' dir='ltr'>diligentius‘paullo</span> <span class='ocrx_word' id='word_1_144' title='bbox 1612 1189 1676 1215; x_wconf 78' lang='lat' dir='ltr'>re-</span> 
     </span>
     <span class='ocr_line' id='line_1_18' title="bbox 205 1231 1676 1287; baseline -0.002 -16"><span class='ocrx_word' id='word_1_145' title='bbox 205 1234 415 1287; x_wconf 80' lang='lat' dir='ltr'>spexisset</span> <span class='ocrx_word' id='word_1_146' title='bbox 435 1236 610 1271; x_wconf 81' lang='lat' dir='ltr'>alterum</span> <span class='ocrx_word' id='word_1_147' title='bbox 632 1233 854 1270; x_wconf 84' lang='lat' dir='ltr'>citatorum</span> <span class='ocrx_word' id='word_1_148' title='bbox 882 1235 1072 1271; x_wconf 78' lang='lat' dir='ltr'>locorum</span> <span class='ocrx_word' id='word_1_149' title='bbox 1087 1234 1184 1272; x_wconf 75' lang='lat' dir='ltr'>Ver.</span> <span class='ocrx_word' id='word_1_150' title='bbox 1207 1233 1320 1273; x_wconf 83' lang='lat' dir='ltr'>Hist,</span> <span class='ocrx_word' id='word_1_151' title='bbox 1342 1232 1402 1281; x_wconf 80' lang='lat' dir='ltr'>II,</span> <span class='ocrx_word' id='word_1_152' title='bbox 1427 1237 1464 1274; x_wconf 81' lang='grc'>6.</span> <span class='ocrx_word' id='word_1_153' title='bbox 1490 1231 1563 1268; x_wconf 90' lang='lat' dir='ltr'>ubi</span> <span class='ocrx_word' id='word_1_154' title='bbox 1586 1249 1676 1273; x_wconf 68' lang='grc' dir='ltr'><em>και·-</em></span> 
     </span>
     <span class='ocr_line' id='line_1_19' title="bbox 203 1287 1677 1343; baseline -0.001 -16"><span class='ocrx_word' id='word_1_155' title='bbox 203 1289 387 1343; x_wconf 68' lang='grc' dir='ltr'>νήχθημεν</span> <span class='ocrx_word' id='word_1_156' title='bbox 415 1289 666 1342; x_wconf 82' lang='lat' dir='ltr'>neutiquam</span> <span class='ocrx_word' id='word_1_157' title='bbox 693 1299 755 1327; x_wconf 64' lang='lat' dir='ltr'>est</span> <span class='ocrx_word' id='word_1_158' title='bbox 784 1289 1031 1339; x_wconf 72' lang='lat' dir='ltr'>deuerti-mus,</span> <span class='ocrx_word' id='word_1_159' title='bbox 1066 1288 1138 1328; x_wconf 82' lang='lat' dir='ltr'>sed</span> <span class='ocrx_word' id='word_1_160' title='bbox 1169 1288 1415 1342; x_wconf 70' lang='lat' dir='ltr'>appulinms;</span> <span class='ocrx_word' id='word_1_161' title='bbox 1446 1287 1573 1342; x_wconf 81' lang='lat' dir='ltr'>idque</span> <span class='ocrx_word' id='word_1_162' title='bbox 1607 1289 1677 1341; x_wconf 87' lang='lat' dir='ltr'>ip-</span> 
     </span>
     <span class='ocr_line' id='line_1_20' title="bbox 206 1344 1678 1398; baseline -0.001 -13"><span class='ocrx_word' id='word_1_163' title='bbox 206 1362 296 1385; x_wconf 80' lang='lat' dir='ltr'>sum</span> <span class='ocrx_word' id='word_1_164' title='bbox 327 1347 452 1385; x_wconf 88' lang='lat' dir='ltr'>etiam</span> <span class='ocrx_word' id='word_1_165' title='bbox 478 1345 520 1383; x_wconf 83' lang='lat' dir='ltr'><strong>h.</strong></span> <span class='ocrx_word' id='word_1_166' title='bbox 552 1349 581 1384; x_wconf 81' lang='lat' dir='ltr'><strong>l.</strong></span> <span class='ocrx_word' id='word_1_167' title='bbox 613 1349 750 1391; x_wconf 77' lang='lat' dir='ltr'>valet,</span> <span class='ocrx_word' id='word_1_168' title='bbox 796 1346 869 1382; x_wconf 75' lang='lat' dir='ltr'>ubi</span> <span class='ocrx_word' id='word_1_169' title='bbox 899 1347 1111 1398; x_wconf 70' lang='lat' dir='ltr'>Micyllus</span> <span class='ocrx_word' id='word_1_170' title='bbox 1147 1345 1258 1383; x_wconf 77' lang='lat' dir='ltr'>nihil</span> <span class='ocrx_word' id='word_1_171' title='bbox 1286 1344 1402 1382; x_wconf 83' lang='lat' dir='ltr'>aliud</span> <span class='ocrx_word' id='word_1_172' title='bbox 1433 1347 1548 1393; x_wconf 76' lang='lat' dir='ltr'>vult,</span> <span class='ocrx_word' id='word_1_173' title='bbox 1592 1345 1678 1383; x_wconf 87' lang='lat' dir='ltr'>nisi</span> 
     </span>
     <span class='ocr_line' id='line_1_21' title="bbox 203 1400 1675 1458; baseline -0.002 -16"><span class='ocrx_word' id='word_1_174' title='bbox 203 1403 314 1442; x_wconf 77' lang='lat' dir='ltr'>hoc:</span> <span class='ocrx_word' id='word_1_175' title='bbox 347 1419 394 1441; x_wconf 80' lang='lat' dir='ltr'>ac</span> <span class='ocrx_word' id='word_1_176' title='bbox 416 1403 591 1458; x_wconf 69' lang='lat' dir='ltr'>forfasse</span> <span class='ocrx_word' id='word_1_177' title='bbox 610 1404 746 1454; x_wconf 74' lang='lat' dir='ltr'>prius,</span> <span class='ocrx_word' id='word_1_178' title='bbox 780 1418 897 1456; x_wconf 73' lang='lat' dir='ltr'>qnam.</span> <span class='ocrx_word' id='word_1_179' title='bbox 925 1419 1014 1452; x_wconf 69' lang='lat' dir='ltr'>vos,</span> <span class='ocrx_word' id='word_1_180' title='bbox 1047 1402 1257 1456; x_wconf 72' lang='lat' dir='ltr'>appe-llam.</span> <span class='ocrx_word' id='word_1_181' title='bbox 1320 1400 1577 1455; x_wconf 64' lang='grc' dir='ltr'><em>Κατᾶγεσθαι</em></span> <span class='ocrx_word' id='word_1_182' title='bbox 1605 1416 1675 1439; x_wconf 87' lang='lat' dir='ltr'>au-</span> 
     </span>
     <span class='ocr_line' id='line_1_22' title="bbox 206 1457 1676 1511; baseline -0.001 -14"><span class='ocrx_word' id='word_1_183' title='bbox 206 1470 289 1498; x_wconf 86' lang='lat' dir='ltr'>tem</span> <span class='ocrx_word' id='word_1_184' title='bbox 316 1459 394 1497; x_wconf 80' lang='lat' dir='ltr'>hac</span> <span class='ocrx_word' id='word_1_185' title='bbox 423 1468 634 1511; x_wconf 79' lang='lat' dir='ltr'>potestate</span> <span class='ocrx_word' id='word_1_186' title='bbox 665 1458 770 1497; x_wconf 87' lang='lat' dir='ltr'>adeo</span> <span class='ocrx_word' id='word_1_187' title='bbox 803 1459 1052 1511; x_wconf 77' lang='lat' dir='ltr'>frequenter</span> <span class='ocrx_word' id='word_1_188' title='bbox 1077 1458 1282 1509; x_wconf 80' lang='lat' dir='ltr'>occurrit,</span> <span class='ocrx_word' id='word_1_189' title='bbox 1315 1467 1363 1495; x_wconf 88' lang='lat' dir='ltr'>ut</span> <span class='ocrx_word' id='word_1_190' title='bbox 1383 1473 1435 1497; x_wconf 88' lang='lat' dir='ltr'>ne</span> <span class='ocrx_word' id='word_1_191' title='bbox 1456 1457 1676 1496; x_wconf 82' lang='lat' dir='ltr'>verbulum</span> 
     </span>
     <span class='ocr_line' id='line_1_23' title="bbox 206 1514 1230 1570; baseline -0.002 -17"><span class='ocrx_word' id='word_1_192' title='bbox 206 1517 378 1570; x_wconf 85' lang='lat' dir='ltr'>quidem</span> <span class='ocrx_word' id='word_1_193' title='bbox 403 1530 516 1553; x_wconf 86' lang='lat' dir='ltr'>nunc</span> <span class='ocrx_word' id='word_1_194' title='bbox 542 1514 695 1553; x_wconf 76' lang='lat' dir='ltr'>addere</span> <span class='ocrx_word' id='word_1_195' title='bbox 723 1524 829 1566; x_wconf 79' lang='lat' dir='ltr'>opus</span> <span class='ocrx_word' id='word_1_196' title='bbox 851 1515 1039 1554; x_wconf 84' lang='lat' dir='ltr'>habeam.</span> <span class='ocrx_word' id='word_1_197' title='bbox 1072 1516 1230 1553; x_wconf 70' lang='lat' dir='ltr'>mer.</span> 
     </span>
    </p>

    <p class='ocr_par' dir='ltr' id='par_1_5' title="bbox 201 1569 1678 2136">
     <span class='ocr_line' id='line_1_24' title="bbox 319 1569 1675 1623; baseline 0 -13"><span class='ocrx_word' id='word_1_198' title='bbox 319 1572 422 1611; x_wconf 75' lang='lat' dir='ltr'>Eacl.</span> <span class='ocrx_word' id='word_1_199' title='bbox 448 1575 474 1609; x_wconf 88' lang='lat' dir='ltr'><strong>l.</strong></span> <span class='ocrx_word' id='word_1_200' title='bbox 499 1576 537 1614; x_wconf 82' lang='lat'><strong>9.</strong></span> <span class='ocrx_word' id='word_1_201' title='bbox 576 1569 653 1618; x_wconf 65' lang='grc' dir='ltr'>Τὰς</span> <span class='ocrx_word' id='word_1_202' title='bbox 675 1569 893 1623; x_wconf 66' lang='grc' dir='ltr'><em>ἆληθειάς)</em></span> <span class='ocrx_word' id='word_1_203' title='bbox 934 1571 1003 1609; x_wconf 90' lang='lat' dir='ltr'>Sic</span> <span class='ocrx_word' id='word_1_204' title='bbox 1039 1585 1184 1610; x_wconf 83' lang='lat' dir='ltr'>omnes</span> <span class='ocrx_word' id='word_1_205' title='bbox 1215 1569 1396 1623; x_wconf 79' lang='lat' dir='ltr'>habent3</span> <span class='ocrx_word' id='word_1_206' title='bbox 1430 1570 1545 1622; x_wconf 83' lang='lat' dir='ltr'>quod</span> <span class='ocrx_word' id='word_1_207' title='bbox 1577 1570 1675 1611; x_wconf 78' lang='lat' dir='ltr'>ideo</span> 
     </span>
     <span class='ocr_line' id='line_1_25' title="bbox 205 1627 1678 1679; baseline -0.002 -11"><span class='ocrx_word' id='word_1_208' title='bbox 205 1629 475 1668; x_wconf 86' lang='lat' dir='ltr'>observatum</span> <span class='ocrx_word' id='word_1_209' title='bbox 497 1628 640 1676; x_wconf 79' lang='lat' dir='ltr'>volui,</span> <span class='ocrx_word' id='word_1_210' title='bbox 677 1642 727 1667; x_wconf 85' lang='lat' dir='ltr'>ne</span> <span class='ocrx_word' id='word_1_211' title='bbox 748 1627 855 1665; x_wconf 86' lang='lat' dir='ltr'>mihi</span> <span class='ocrx_word' id='word_1_212' title='bbox 878 1627 1173 1679; x_wconf 75' lang='lat' dir='ltr'>imputaretur.</span> <span class='ocrx_word' id='word_1_213' title='bbox 1206 1627 1376 1679; x_wconf 55' lang='lat' dir='ltr'>SorAN.</span> <span class='ocrx_word' id='word_1_214' title='bbox 1436 1628 1598 1666; x_wconf 83' lang='lat' dir='ltr'>Mirum</span> <span class='ocrx_word' id='word_1_215' title='bbox 1614 1628 1678 1666; x_wconf 83' lang='lat' dir='ltr'>vi-</span> 
     </span>
     <span class='ocr_line' id='line_1_26' title="bbox 205 1682 1676 1737; baseline -0.001 -13"><span class='ocrx_word' id='word_1_216' title='bbox 205 1685 384 1724; x_wconf 77' lang='lat' dir='ltr'>debatur</span> <span class='ocrx_word' id='word_1_217' title='bbox 403 1694 565 1733; x_wconf 84' lang='lat' dir='ltr'>nostr0‚</span> <span class='ocrx_word' id='word_1_218' title='bbox 603 1683 716 1737; x_wconf 78' lang='lat' dir='ltr'>quod</span> <span class='ocrx_word' id='word_1_219' title='bbox 741 1687 846 1735; x_wconf 80' lang='lat' dir='ltr'>plur,</span> <span class='ocrx_word' id='word_1_220' title='bbox 871 1699 986 1723; x_wconf 85' lang='lat' dir='ltr'>num.</span> <span class='ocrx_word' id='word_1_221' title='bbox 1010 1693 1193 1737; x_wconf 83' lang='lat' dir='ltr'>ponatur</span> <span class='ocrx_word' id='word_1_222' title='bbox 1215 1682 1422 1735; x_wconf 68' lang='grc' dir='ltr'><em>ἀληθείας.</em></span> <span class='ocrx_word' id='word_1_223' title='bbox 1482 1683 1560 1723; x_wconf 86' lang='lat' dir='ltr'>Sed</span> <span class='ocrx_word' id='word_1_224' title='bbox 1581 1684 1676 1737; x_wconf 87' lang='lat' dir='ltr'>phi·</span> 
     </span>
     <span class='ocr_line' id='line_1_27' title="bbox 202 1740 1677 1794; baseline -0.002 -13"><span class='ocrx_word' id='word_1_225' title='bbox 202 1741 474 1793; x_wconf 83' lang='lat' dir='ltr'>losophicum</span> <span class='ocrx_word' id='word_1_226' title='bbox 497 1750 583 1788; x_wconf 80' lang='lat' dir='ltr'>est,</span> <span class='ocrx_word' id='word_1_227' title='bbox 618 1750 659 1777; x_wconf 74' lang='lat' dir='ltr'>et</span> <span class='ocrx_word' id='word_1_228' title='bbox 679 1740 833 1779; x_wconf 80' lang='lat' dir='ltr'>deinde</span> <span class='ocrx_word' id='word_1_229' title='bbox 861 1741 952 1794; x_wconf 86' lang='lat' dir='ltr'>ipse</span> <span class='ocrx_word' id='word_1_230' title='bbox 975 1741 1079 1778; x_wconf 85' lang='lat' dir='ltr'>alibi</span> <span class='ocrx_word' id='word_1_231' title='bbox 1110 1750 1223 1779; x_wconf 82' lang='lat' dir='ltr'>recte</span> <span class='ocrx_word' id='word_1_232' title='bbox 1248 1740 1497 1792; x_wconf 82' lang='lat' dir='ltr'>adscripsit,</span> <span class='ocrx_word' id='word_1_233' title='bbox 1532 1741 1591 1779; x_wconf 82' lang='lat' dir='ltr'>sic</span> <span class='ocrx_word' id='word_1_234' title='bbox 1613 1750 1677 1780; x_wconf 88' lang='lat' dir='ltr'>et·-</span> 
     </span>
     <span class='ocr_line' id='line_1_28' title="bbox 202 1793 1675 1852; baseline 0.003 -17"><span class='ocrx_word' id='word_1_235' title='bbox 202 1799 284 1837; x_wconf 83' lang='lat' dir='ltr'>iam</span> <span class='ocrx_word' id='word_1_236' title='bbox 307 1798 370 1835; x_wconf 88' lang='lat' dir='ltr'>uti</span> <span class='ocrx_word' id='word_1_237' title='bbox 391 1798 614 1837; x_wconf 66' lang='lat' dir='ltr'>Ara-ianam</span> <span class='ocrx_word' id='word_1_238' title='bbox 636 1796 688 1835; x_wconf 85' lang='lat' dir='ltr'>ad</span> <span class='ocrx_word' id='word_1_239' title='bbox 703 1798 847 1850; x_wconf 85' lang='lat' dir='ltr'>Epict.</span> <span class='ocrx_word' id='word_1_240' title='bbox 869 1798 902 1838; x_wconf 92' lang='grc' dir='ltr'>Ι.</span> <span class='ocrx_word' id='word_1_241' title='bbox 929 1812 960 1838; x_wconf 83' lang='grc' dir='ltr'>ο.</span> <span class='ocrx_word' id='word_1_242' title='bbox 984 1802 1021 1840; x_wconf 82' lang='lat'>4.</span> <span class='ocrx_word' id='word_1_243' title='bbox 1046 1812 1086 1851; x_wconf 88' lang='lat' dir='ltr'>p.</span> <span class='ocrx_word' id='word_1_244' title='bbox 1111 1802 1178 1840; x_wconf 77' lang='lat'>22.</span> <span class='ocrx_word' id='word_1_245' title='bbox 1201 1797 1250 1838; x_wconf 84' lang='lat' dir='ltr'><strong>A.</strong></span> <span class='ocrx_word' id='word_1_246' title='bbox 1286 1793 1569 1852; x_wconf 71' lang='grc' dir='ltr'><em>ἆπροκὸπτων</em></span> <span class='ocrx_word' id='word_1_247' title='bbox 1587 1803 1675 1846; x_wconf 83' lang='grc' dir='ltr'><em>ταῖς</em></span> 
     </span>
     <span class='ocr_line' id='line_1_29' title="bbox 203 1849 1671 1907; baseline 0 -11"><span class='ocrx_word' id='word_1_248' title='bbox 203 1854 435 1907; x_wconf 70' lang='grc' dir='ltr'><em>ἀληθείαις·</em></span> <span class='ocrx_word' id='word_1_249' title='bbox 469 1864 509 1892; x_wconf 88' lang='lat' dir='ltr'>et</span> <span class='ocrx_word' id='word_1_250' title='bbox 543 1869 577 1893; x_wconf 83' lang='lat' dir='ltr'>e.</span> <span class='ocrx_word' id='word_1_251' title='bbox 614 1858 652 1897; x_wconf 89' lang='grc'>6.</span> <span class='ocrx_word' id='word_1_252' title='bbox 684 1861 771 1903; x_wconf 79' lang='grc' dir='ltr'><em>ταῖς</em></span> <span class='ocrx_word' id='word_1_253' title='bbox 802 1849 1012 1907; x_wconf 65' lang='grc' dir='ltr'><em>ἀληθείαις</em></span> <span class='ocrx_word' id='word_1_254' title='bbox 1028 1852 1173 1905; x_wconf 71' lang='grc' dir='ltr'><em>πατήρ.</em></span> <span class='ocrx_word' id='word_1_255' title='bbox 1206 1860 1388 1907; x_wconf 81' lang='lat' dir='ltr'>pag.31.</span> <span class='ocrx_word' id='word_1_256' title='bbox 1449 1855 1565 1893; x_wconf 87' lang='lat' dir='ltr'>Haec</span> <span class='ocrx_word' id='word_1_257' title='bbox 1587 1855 1671 1896; x_wconf 83' lang='lat' dir='ltr'>ille.</span> 
     </span>
     <span class='ocr_line' id='line_1_30' title="bbox 203 1908 1675 1964; baseline 0.001 -14"><span class='ocrx_word' id='word_1_258' title='bbox 203 1912 283 1950; x_wconf 78' lang='lat' dir='ltr'>Sed</span> <span class='ocrx_word' id='word_1_259' title='bbox 310 1913 353 1949; x_wconf 91' lang='lat' dir='ltr'>in</span> <span class='ocrx_word' id='word_1_260' title='bbox 378 1912 473 1964; x_wconf 81' lang='lat' dir='ltr'>ipso</span> <span class='ocrx_word' id='word_1_261' title='bbox 488 1910 615 1964; x_wconf 73' lang='lat' dir='ltr'>Epici.</span> <span class='ocrx_word' id='word_1_262' title='bbox 642 1910 757 1949; x_wconf 86' lang='lat' dir='ltr'>Sent.</span> <span class='ocrx_word' id='word_1_263' title='bbox 779 1917 868 1954; x_wconf 72' lang='lat'>128,</span> <span class='ocrx_word' id='word_1_264' title='bbox 891 1926 920 1953; x_wconf 80' lang='lat' dir='ltr'>s,</span> <span class='ocrx_word' id='word_1_265' title='bbox 946 1913 1024 1949; x_wconf 85' lang='lat' dir='ltr'>ult.</span> <span class='ocrx_word' id='word_1_266' title='bbox 1041 1912 1069 1948; x_wconf 90' lang='lat' dir='ltr'><strong>f.</strong></span> <span class='ocrx_word' id='word_1_267' title='bbox 1087 1911 1258 1964; x_wconf 75' lang='lat' dir='ltr'>legitur,</span> <span class='ocrx_word' id='word_1_268' title='bbox 1273 1913 1336 1952; x_wconf 81' lang='grc' dir='ltr'><em>καὶ</em></span> <span class='ocrx_word' id='word_1_269' title='bbox 1357 1916 1442 1960; x_wconf 81' lang='grc' dir='ltr'><em>ταῖς</em></span> <span class='ocrx_word' id='word_1_270' title='bbox 1465 1908 1675 1963; x_wconf 66' lang='grc' dir='ltr'><em>ἀληθείαις</em></span> 
     </span>
     <span class='ocr_line' id='line_1_31' title="bbox 201 1966 1672 2022; baseline -0.002 -13"><span class='ocrx_word' id='word_1_271' title='bbox 201 1966 365 2022; x_wconf 71' lang='grc' dir='ltr'><em>πατρὸς.</em></span> <span class='ocrx_word' id='word_1_272' title='bbox 422 1968 582 2006; x_wconf 69' lang='lat' dir='ltr'>&#39;Verum</span> <span class='ocrx_word' id='word_1_273' title='bbox 608 1967 691 2005; x_wconf 85' lang='lat' dir='ltr'>hoc</span> <span class='ocrx_word' id='word_1_274' title='bbox 714 1967 831 2005; x_wconf 83' lang='lat' dir='ltr'>aliud</span> <span class='ocrx_word' id='word_1_275' title='bbox 854 1966 955 2021; x_wconf 86' lang='lat' dir='ltr'>quid</span> <span class='ocrx_word' id='word_1_276' title='bbox 980 1977 1065 2014; x_wconf 85' lang='lat' dir='ltr'>est;</span> <span class='ocrx_word' id='word_1_277' title='bbox 1099 1981 1194 2005; x_wconf 77' lang='lat' dir='ltr'>nam</span> <span class='ocrx_word' id='word_1_278' title='bbox 1219 1968 1364 2021; x_wconf 83' lang='lat' dir='ltr'>signif.</span> <span class='ocrx_word' id='word_1_279' title='bbox 1387 1984 1514 2007; x_wconf 77' lang='lat' dir='ltr'>revera</span> <span class='ocrx_word' id='word_1_280' title='bbox 1531 1971 1672 2021; x_wconf 70' lang='lat' dir='ltr'>patris,</span> 
     </span>
     <span class='ocr_line' id='line_1_32' title="bbox 201 2024 1674 2077; baseline 0 -15"><span class='ocrx_word' id='word_1_281' title='bbox 201 2025 382 2065; x_wconf 75' lang='lat' dir='ltr'>Interim</span> <span class='ocrx_word' id='word_1_282' title='bbox 410 2024 587 2077; x_wconf 86' lang='lat' dir='ltr'>pluralis</span> <span class='ocrx_word' id='word_1_283' title='bbox 625 2034 761 2063; x_wconf 76' lang='lat' dir='ltr'>tamen</span> <span class='ocrx_word' id='word_1_284' title='bbox 792 2032 880 2073; x_wconf 73' lang='lat' dir='ltr'>est,</span> <span class='ocrx_word' id='word_1_285' title='bbox 914 2025 1049 2064; x_wconf 81' lang='lat' dir='ltr'>veluti</span> <span class='ocrx_word' id='word_1_286' title='bbox 1068 2033 1110 2062; x_wconf 87' lang='lat' dir='ltr'>et</span> <span class='ocrx_word' id='word_1_287' title='bbox 1130 2038 1196 2076; x_wconf 86' lang='lat' dir='ltr'>ap.</span> <span class='ocrx_word' id='word_1_288' title='bbox 1215 2024 1371 2077; x_wconf 72' lang='lat' dir='ltr'>Joseph.</span> <span class='ocrx_word' id='word_1_289' title='bbox 1396 2025 1442 2062; x_wconf 88' lang='lat' dir='ltr'>in</span> <span class='ocrx_word' id='word_1_290' title='bbox 1463 2025 1540 2064; x_wconf 86' lang='lat' dir='ltr'>vit.</span> <span class='ocrx_word' id='word_1_291' title='bbox 1562 2026 1613 2065; x_wconf 91' lang='lat' dir='ltr'>T.</span> <span class='ocrx_word' id='word_1_292' title='bbox 1634 2030 1674 2068; x_wconf 81' lang='lat'>2,</span> 
     </span>
     <span class='ocr_line' id='line_1_33' title="bbox 203 2077 1672 2136; baseline -0.001 -13"><span class='ocrx_word' id='word_1_293' title='bbox 203 2087 326 2136; x_wconf 75' lang='lat' dir='ltr'><strong>p.56.</strong></span> <span class='ocrx_word' id='word_1_294' title='bbox 350 2083 380 2123; x_wconf 89' lang='lat' dir='ltr'><strong>f.</strong></span> <span class='ocrx_word' id='word_1_295' title='bbox 414 2079 585 2128; x_wconf 74' lang='grc' dir='ltr'><em>εἰκάσας,</em></span> <span class='ocrx_word' id='word_1_296' title='bbox 616 2087 701 2129; x_wconf 81' lang='grc' dir='ltr'><em>ταῖς</em></span> <span class='ocrx_word' id='word_1_297' title='bbox 723 2079 933 2132; x_wconf 72' lang='grc' dir='ltr'><em>ἀληθείαις</em></span> <span class='ocrx_word' id='word_1_298' title='bbox 949 2080 1043 2129; x_wconf 79' lang='grc' dir='ltr'>τούς</span> <span class='ocrx_word' id='word_1_299' title='bbox 1062 2077 1277 2134; x_wconf 66' lang='grc' dir='ltr'><em>ἡμετέρους</em></span> <span class='ocrx_word' id='word_1_300' title='bbox 1297 2078 1476 2136; x_wconf 79' lang='grc' dir='ltr'><em>φεύγειν.</em></span> <span class='ocrx_word' id='word_1_301' title='bbox 1506 2081 1672 2122; x_wconf 75' lang='grc' dir='ltr'><strong>ΒΕῙΤΖ.</strong></span> 
     </span>
    </p>
   </div>
   <div class='ocr_carea' id='block_1_4' title="bbox 203 2156 1675 2610">
    <p class='ocr_par' dir='ltr' id='par_1_6' title="bbox 204 2156 1675 2270">
     <span class='ocr_line' id='line_1_34' title="bbox 316 2156 1675 2214; baseline -0.002 -13"><span class='ocrx_word' id='word_1_302' title='bbox 316 2160 461 2202; x_wconf 72' lang='lat' dir='ltr'>Ead.1.</span> <span class='ocrx_word' id='word_1_303' title='bbox 486 2166 551 2204; x_wconf 82' lang='grc'>13.</span> <span class='ocrx_word' id='word_1_304' title='bbox 589 2157 862 2214; x_wconf 79' lang='grc' dir='ltr'><strong><em>Πρόςκωπος)</em></strong></span> <span class='ocrx_word' id='word_1_305' title='bbox 894 2158 987 2202; x_wconf 86' lang='grc' dir='ltr'>Ἐπὶ</span> <span class='ocrx_word' id='word_1_306' title='bbox 1014 2165 1087 2212; x_wconf 77' lang='grc' dir='ltr'>τῆς</span> <span class='ocrx_word' id='word_1_307' title='bbox 1110 2156 1250 2212; x_wconf 73' lang='grc' dir='ltr'><em>κώπης</em></span> <span class='ocrx_word' id='word_1_308' title='bbox 1280 2156 1524 2212; x_wconf 78' lang='grc' dir='ltr'><em>καθήμενος·</em></span> <span class='ocrx_word' id='word_1_309' title='bbox 1555 2160 1675 2201; x_wconf 85' lang='lat' dir='ltr'>varia</span> 
     </span>
     <span class='ocr_line' id='line_1_35' title="bbox 204 2216 1541 2270; baseline -0.001 -13"><span class='ocrx_word' id='word_1_310' title='bbox 204 2228 269 2258; x_wconf 86' lang='lat' dir='ltr'>est</span> <span class='ocrx_word' id='word_1_311' title='bbox 288 2216 427 2270; x_wconf 76' lang='grc' dir='ltr'><em>κώπης</em></span> <span class='ocrx_word' id='word_1_312' title='bbox 451 2217 670 2270; x_wconf 84' lang='lat' dir='ltr'>acceptio,</span> <span class='ocrx_word' id='word_1_313' title='bbox 706 2231 828 2270; x_wconf 88' lang='lat' dir='ltr'>quam</span> <span class='ocrx_word' id='word_1_314' title='bbox 851 2216 951 2256; x_wconf 83' lang='lat' dir='ltr'>vide</span> <span class='ocrx_word' id='word_1_315' title='bbox 976 2216 1088 2270; x_wconf 84' lang='lat' dir='ltr'>apud</span> <span class='ocrx_word' id='word_1_316' title='bbox 1108 2217 1334 2255; x_wconf 82' lang='lat' dir='ltr'>Grammat.</span> <span class='ocrx_word' id='word_1_317' title='bbox 1367 2219 1541 2259; x_wconf 69' lang='lat' dir='ltr'>Bonan.</span> 
     </span>
    </p>

    <p class='ocr_par' dir='ltr' id='par_1_7' title="bbox 203 2271 1672 2610">
     <span class='ocr_line' id='line_1_36' title="bbox 320 2271 1672 2328; baseline -0.004 -13"><span class='ocrx_word' id='word_1_318' title='bbox 320 2275 421 2327; x_wconf 78' lang='lat' dir='ltr'>Pag.</span> <span class='ocrx_word' id='word_1_319' title='bbox 445 2278 540 2317; x_wconf 81' lang='lat'><strong>214.</strong></span> <span class='ocrx_word' id='word_1_320' title='bbox 560 2277 586 2314; x_wconf 83' lang='lat'><strong>1.</strong></span> <span class='ocrx_word' id='word_1_321' title='bbox 605 2279 644 2317; x_wconf 80' lang='lat'><strong>3.</strong></span> <span class='ocrx_word' id='word_1_322' title='bbox 680 2271 910 2328; x_wconf 80' lang='grc' dir='ltr'><em>Κέλευσμα)</em></span> <span class='ocrx_word' id='word_1_323' title='bbox 941 2274 1010 2313; x_wconf 84' lang='lat' dir='ltr'>Sic</span> <span class='ocrx_word' id='word_1_324' title='bbox 1032 2275 1221 2326; x_wconf 80' lang='grc' dir='ltr'><em>κέλευσμα</em></span> <span class='ocrx_word' id='word_1_325' title='bbox 1242 2283 1283 2311; x_wconf 91' lang='lat' dir='ltr'>et</span> <span class='ocrx_word' id='word_1_326' title='bbox 1304 2271 1467 2327; x_wconf 76' lang='grc' dir='ltr'><em>σάλπιγξ</em></span> <span class='ocrx_word' id='word_1_327' title='bbox 1486 2275 1672 2326; x_wconf 82' lang='lat' dir='ltr'>jungun-</span> 
     </span>
     <span class='ocr_line' id='line_1_37' title="bbox 203 2327 1670 2382; baseline -0.002 -12"><span class='ocrx_word' id='word_1_328' title='bbox 203 2333 335 2370; x_wconf 87' lang='lat' dir='ltr'>turin</span> <span class='ocrx_word' id='word_1_329' title='bbox 357 2333 388 2370; x_wconf 90' lang='lat' dir='ltr'><strong>l.</strong></span> <span class='ocrx_word' id='word_1_330' title='bbox 413 2345 478 2382; x_wconf 87' lang='lat' dir='ltr'>ep.</span> <span class='ocrx_word' id='word_1_331' title='bbox 506 2330 557 2369; x_wconf 87' lang='lat' dir='ltr'>ad</span> <span class='ocrx_word' id='word_1_332' title='bbox 579 2330 726 2372; x_wconf 82' lang='lat' dir='ltr'><strong>Thess.</strong></span> <span class='ocrx_word' id='word_1_333' title='bbox 749 2345 781 2372; x_wconf 80' lang='lat' dir='ltr'>c,</span> <span class='ocrx_word' id='word_1_334' title='bbox 806 2331 882 2382; x_wconf 82' lang='lat' dir='ltr'>IV,</span> <span class='ocrx_word' id='word_1_335' title='bbox 906 2336 970 2374; x_wconf 84' lang='lat'><strong>16.</strong></span> <span class='ocrx_word' id='word_1_336' title='bbox 999 2330 1075 2368; x_wconf 89' lang='lat' dir='ltr'>ubi</span> <span class='ocrx_word' id='word_1_337' title='bbox 1095 2329 1183 2370; x_wconf 85' lang='lat' dir='ltr'>vid.</span> <span class='ocrx_word' id='word_1_338' title='bbox 1209 2330 1318 2371; x_wconf 77' lang='lat' dir='ltr'>Elsn.</span> <span class='ocrx_word' id='word_1_339' title='bbox 1337 2327 1508 2371; x_wconf 79' lang='grc' dir='ltr'><em>κελεύειν</em></span> <span class='ocrx_word' id='word_1_340' title='bbox 1532 2338 1670 2368; x_wconf 83' lang='lat' dir='ltr'>autem</span> 
     </span>
     <span class='ocr_line' id='line_1_38' title="bbox 205 2385 1672 2442; baseline -0.003 -14"><span class='ocrx_word' id='word_1_341' title='bbox 205 2399 245 2428; x_wconf 86' lang='lat' dir='ltr'>et</span> <span class='ocrx_word' id='word_1_342' title='bbox 265 2390 452 2442; x_wconf 64' lang='grc' dir='ltr'><em>κέλευσμα</em></span> <span class='ocrx_word' id='word_1_343' title='bbox 482 2401 569 2425; x_wconf 88' lang='lat' dir='ltr'>non</span> <span class='ocrx_word' id='word_1_344' title='bbox 602 2401 764 2440; x_wconf 88' lang='lat' dir='ltr'>semper</span> <span class='ocrx_word' id='word_1_345' title='bbox 797 2401 885 2426; x_wconf 79' lang='lat' dir='ltr'>esse</span> <span class='ocrx_word' id='word_1_346' title='bbox 905 2390 1059 2441; x_wconf 80' lang='lat' dir='ltr'>jussum</span> <span class='ocrx_word' id='word_1_347' title='bbox 1079 2401 1156 2438; x_wconf 79' lang='lat' dir='ltr'>pro</span> <span class='ocrx_word' id='word_1_348' title='bbox 1185 2386 1387 2439; x_wconf 83' lang='lat' dir='ltr'>imperio,</span> <span class='ocrx_word' id='word_1_349' title='bbox 1421 2385 1492 2425; x_wconf 84' lang='lat' dir='ltr'>sed</span> <span class='ocrx_word' id='word_1_350' title='bbox 1518 2385 1672 2424; x_wconf 83' lang='lat' dir='ltr'>horta-—</span> 
     </span>
     <span class='ocr_line' id='line_1_39' title="bbox 204 2441 1667 2498; baseline -0.002 -16"><span class='ocrx_word' id='word_1_351' title='bbox 204 2455 391 2483; x_wconf 72' lang='lat' dir='ltr'>mentum</span> <span class='ocrx_word' id='word_1_352' title='bbox 417 2443 543 2484; x_wconf 84' lang='lat' dir='ltr'>etiam</span> <span class='ocrx_word' id='word_1_353' title='bbox 563 2442 611 2480; x_wconf 84' lang='lat' dir='ltr'>ad</span> <span class='ocrx_word' id='word_1_354' title='bbox 641 2443 913 2492; x_wconf 80' lang='lat' dir='ltr'>alacritatem,</span> <span class='ocrx_word' id='word_1_355' title='bbox 946 2443 1032 2484; x_wconf 88' lang='lat' dir='ltr'>vid.</span> <span class='ocrx_word' id='word_1_356' title='bbox 1053 2443 1188 2484; x_wconf 79' lang='lat' dir='ltr'>Sclzol.</span> <span class='ocrx_word' id='word_1_357' title='bbox 1208 2453 1250 2482; x_wconf 85' lang='lat' dir='ltr'>et</span> <span class='ocrx_word' id='word_1_358' title='bbox 1275 2443 1401 2482; x_wconf 74' lang='lat' dir='ltr'>Wass.</span> <span class='ocrx_word' id='word_1_359' title='bbox 1421 2441 1472 2480; x_wconf 81' lang='lat' dir='ltr'>ad</span> <span class='ocrx_word' id='word_1_360' title='bbox 1486 2441 1667 2498; x_wconf 77' lang='lat' dir='ltr'>leucycl.</span> 
     </span>
     <span class='ocr_line' id='line_1_40' title="bbox 204 2499 1671 2554; baseline -0.002 -14"><span class='ocrx_word' id='word_1_361' title='bbox 204 2501 238 2540; x_wconf 79' lang='grc'>1.</span> <span class='ocrx_word' id='word_1_362' title='bbox 262 2516 294 2541; x_wconf 86' lang='lat' dir='ltr'>c.</span> <span class='ocrx_word' id='word_1_363' title='bbox 317 2506 385 2544; x_wconf 79' lang='lat'><strong>42.</strong></span> <span class='ocrx_word' id='word_1_364' title='bbox 447 2501 504 2538; x_wconf 82' lang='lat' dir='ltr'>Et</span> <span class='ocrx_word' id='word_1_365' title='bbox 524 2500 662 2553; x_wconf 86' lang='lat' dir='ltr'>ipsum</span> <span class='ocrx_word' id='word_1_366' title='bbox 689 2499 862 2554; x_wconf 66' lang='lat' dir='ltr'>lezccycl.</span> <span class='ocrx_word' id='word_1_367' title='bbox 884 2501 942 2539; x_wconf 87' lang='grc' dir='ltr'>ΙΙ.</span> <span class='ocrx_word' id='word_1_368' title='bbox 969 2514 1003 2538; x_wconf 90' lang='lat' dir='ltr'>c.</span> <span class='ocrx_word' id='word_1_369' title='bbox 1024 2503 1090 2542; x_wconf 74' lang='lat'><strong>92.</strong></span> <span class='ocrx_word' id='word_1_370' title='bbox 1113 2514 1175 2551; x_wconf 89' lang='lat' dir='ltr'>pr.</span> <span class='ocrx_word' id='word_1_371' title='bbox 1201 2513 1350 2551; x_wconf 86' lang='lat' dir='ltr'>nempe</span> <span class='ocrx_word' id='word_1_372' title='bbox 1373 2499 1472 2554; x_wconf 89' lang='lat' dir='ltr'>quia</span> <span class='ocrx_word' id='word_1_373' title='bbox 1491 2499 1671 2552; x_wconf 81' lang='lat' dir='ltr'>priscam</span> 
     </span>
     <span class='ocr_line' id='line_1_41' title="bbox 205 2556 1363 2610; baseline -0.003 -14"><span class='ocrx_word' id='word_1_374' title='bbox 205 2557 291 2596; x_wconf 76' lang='lat' dir='ltr'>vim</span> <span class='ocrx_word' id='word_1_375' title='bbox 313 2557 428 2596; x_wconf 84' lang='lat' dir='ltr'>verbi</span> <span class='ocrx_word' id='word_1_376' title='bbox 445 2558 632 2609; x_wconf 75' lang='grc' dir='ltr'><em>κέλομαι,</em></span> <span class='ocrx_word' id='word_1_377' title='bbox 664 2556 818 2606; x_wconf 72' lang='lat' dir='ltr'>hortor,</span> <span class='ocrx_word' id='word_1_378' title='bbox 852 2570 975 2610; x_wconf 83' lang='lat' dir='ltr'>saepe</span> <span class='ocrx_word' id='word_1_379' title='bbox 998 2556 1168 2594; x_wconf 83' lang='lat' dir='ltr'>retinet.</span> <span class='ocrx_word' id='word_1_380' title='bbox 1198 2556 1363 2596; x_wconf 60' lang='lat' dir='ltr'>mez.</span> 
     </span>
    </p>
   </div>
   <div class='ocr_carea' id='block_1_5' title="bbox 207 2621 1672 2792">
    <p class='ocr_par' dir='ltr' id='par_1_8' title="bbox 207 2621 1672 2792">
     <span class='ocr_line' id='line_1_42' title="bbox 317 2621 1672 2673; baseline -0.005 -6"><span class='ocrx_word' id='word_1_381' title='bbox 317 2624 419 2663; x_wconf 71' lang='grc' dir='ltr'>Εαᾶ.</span> <span class='ocrx_word' id='word_1_382' title='bbox 439 2628 463 2662; x_wconf 86' lang='lat' dir='ltr'>l·</span> <span class='ocrx_word' id='word_1_383' title='bbox 487 2629 525 2668; x_wconf 82' lang='lat'><strong>8.</strong></span> <span class='ocrx_word' id='word_1_384' title='bbox 557 2627 788 2673; x_wconf 85' lang='grc' dir='ltr'><em>ΑΛΛΟΣ)</em></span> <span class='ocrx_word' id='word_1_385' title='bbox 819 2623 889 2663; x_wconf 79' lang='lat' dir='ltr'>Sic</span> <span class='ocrx_word' id='word_1_386' title='bbox 920 2622 1150 2662; x_wconf 81' lang='lat' dir='ltr'>dilucidius</span> <span class='ocrx_word' id='word_1_387' title='bbox 1180 2625 1314 2661; x_wconf 89' lang='lat' dir='ltr'>multo</span> <span class='ocrx_word' id='word_1_388' title='bbox 1342 2637 1435 2662; x_wconf 89' lang='lat' dir='ltr'>cum</span> <span class='ocrx_word' id='word_1_389' title='bbox 1467 2623 1510 2662; x_wconf 76' lang='lat' dir='ltr'>S,</span> <span class='ocrx_word' id='word_1_390' title='bbox 1542 2621 1672 2662; x_wconf 84' lang='lat' dir='ltr'>eden-</span> 
     </span>
     <span class='ocr_line' id='line_1_43' title="bbox 207 2679 1671 2734; baseline -0.002 -15"><span class='ocrx_word' id='word_1_391' title='bbox 207 2680 260 2719; x_wconf 84' lang='lat' dir='ltr'>du</span> <span class='ocrx_word' id='word_1_392' title='bbox 271 2695 306 2718; x_wconf 77' lang='lat' dir='ltr'>m</span> <span class='ocrx_word' id='word_1_393' title='bbox 327 2681 581 2719; x_wconf 81' lang='lat' dir='ltr'>curavimus.</span> <span class='ocrx_word' id='word_1_394' title='bbox 640 2681 850 2734; x_wconf 82' lang='lat' dir='ltr'>Reliquae</span> <span class='ocrx_word' id='word_1_395' title='bbox 870 2681 982 2718; x_wconf 87' lang='lat' dir='ltr'>enirn</span> <span class='ocrx_word' id='word_1_396' title='bbox 1012 2679 1105 2718; x_wconf 81' lang='lat' dir='ltr'>edd.</span> <span class='ocrx_word' id='word_1_397' title='bbox 1129 2693 1264 2719; x_wconf 87' lang='lat' dir='ltr'>vacuo</span> <span class='ocrx_word' id='word_1_398' title='bbox 1285 2688 1450 2718; x_wconf 83' lang='lat' dir='ltr'>tautum</span> <span class='ocrx_word' id='word_1_399' title='bbox 1471 2679 1671 2731; x_wconf 84' lang='lat' dir='ltr'>interpo-</span> 
     </span>
     <span class='ocr_line' id='line_1_44' title="bbox 207 2734 1670 2792; baseline -0.001 -17"><span class='ocrx_word' id='word_1_400' title='bbox 207 2739 291 2777; x_wconf 70' lang='lat' dir='ltr'>sito</span> <span class='ocrx_word' id='word_1_401' title='bbox 322 2737 460 2790; x_wconf 83' lang='lat' dir='ltr'>spatio</span> <span class='ocrx_word' id='word_1_402' title='bbox 487 2740 669 2792; x_wconf 80' lang='lat' dir='ltr'>ejulatus</span> <span class='ocrx_word' id='word_1_403' title='bbox 695 2736 825 2777; x_wconf 83' lang='lat' dir='ltr'>hosce</span> <span class='ocrx_word' id='word_1_404' title='bbox 857 2735 1154 2778; x_wconf 78' lang='lat' dir='ltr'>distinxerant.</span> <span class='ocrx_word' id='word_1_405' title='bbox 1184 2736 1352 2777; x_wconf 77' lang='lat' dir='ltr'><strong>SOLAN.</strong></span> <span class='ocrx_word' id='word_1_406' title='bbox 1413 2735 1514 2777; x_wconf 86' lang='lat' dir='ltr'>Non</span> <span class='ocrx_word' id='word_1_407' title='bbox 1536 2734 1670 2775; x_wconf 82' lang='lat' dir='ltr'>dubi-</span> 
     </span>
    </p>
   </div>
  </div>
 </body>
</html>
