1781 3174
408 249 481 283 ιΝ
547 248 633 280 DE
702 249 1199 284 sacnincus.
1448 244 1546 291 499

73 352 259 406 spicimus
287 364 356 399 ea,
387 363 488 404 quae
519 346 686 399 damur,
736 360 846 401 quae
880 346 1053 402 quidem
1082 348 1257 390 minimi
1281 365 1382 391 sane
1414 354 1543 407 pretii

72 417 195 455 sunt;
229 407 301 447 sed
324 421 372 446 ea
393 415 657 459 spectamus,
690 418 798 459 quae
823 404 879 443 iis
909 404 1163 461 adhaerent,
1193 417 1322 461 atque
1348 424 1442 450 cum
1475 411 1541 451 his

74 466 306 517 conjuncta
326 464 595 517 cogitantur,
627 460 850 501 victoriam
873 471 916 500 et
937 463 1130 516 gloriam.
1190 466 1374 504 Tantum
1404 466 1540 521 igitur

72 521 215 572 abest,
247 529 297 558 ut
316 517 508 559 offendar
531 531 604 566 ea,
637 531 747 570 quae
776 519 941 557 auctori
976 521 1168 572 placuit,
1202 520 1377 562 dicendi
1403 524 1541 564 ratio-

73 572 150 617 ne:
181 576 305 628 ψιλὸν
327 576 390 618 ἐπὶ
416 579 487 628 τῆς
505 578 686 627 κεφαλῆς
712 570 756 615 τὸ
777 575 931 623 πένθος
959 575 1287 630 ἐπιδείκνυσθαι,
1318 586 1366 619 ut
1390 581 1539 631 potius
1584 574 1593 582 ⁶

71 647 160 672 eam
181 633 365 672 consilio
385 631 571 671 auctoris
592 630 1072 671 accommodatissimam
1091 633 1290 687 judicem,
1319 647 1361 677 et
1377 635 1541 691 ὑψηλὸν

69 688 178 727 illud
201 688 345 729 Solani
369 702 456 728 non
484 687 625 726 minus
656 701 780 741 quam
806 687 986 728 Jacobsii
1011 688 1283 744 ingeniosum
1317 707 1540 734 commen-

67 753 181 797 tum,
213 744 438 784 arcendum
464 743 580 783 omni
602 743 744 783 studio
768 758 971 784 censeam.
1003 746 1165 789 LEnM.

178 801 282 842 Ead.
304 804 332 840 1.
356 805 421 845 14.
443 798 558 842 ’Ἐστι
577 801 619 842 δὲ
641 797 791 849 ἆίἈπις
816 802 856 851 ἐξ
874 798 1013 855 ἀγέλης
1033 801 1156 853 θεὸς,
1188 804 1253 847 ἐπὶ
1282 810 1338 864 τῷ
1360 807 1540 863 προτέρω

62 855 442 912 χειροτονούμενος)
471 856 733 898 Benedictus,-
761 868 816 896 est
834 869 962 897 autem
978 859 1043 899 lzic
1064 860 1171 913 Apis
1190 862 1295 901 Deus
1319 879 1372 903 ex
1388 855 1541 905 armori-

67 926 108 954 io
121 918 210 969 jam
231 926 346 954 antea
368 915 574 970 siff-agiis
595 913 841 967 designatus:
872 914 989 967 quod
1010 926 1228 957 mutuatus
1247 928 1310 958 est
1334 919 1383 958 ab
1411 921 1542 962 Eras-

65 987 144 1011 mo,
205 971 287 1011 Sed
315 971 390 1010 ubi
419 970 521 1009 talia
542 970 587 1008 in
620 969 829 1010 Graecis?
861 970 969 1010 illud
998 983 1115 1012 antea
1145 974 1190 1011 in
1220 975 1338 1028 quod
1371 986 1539 1030 tempus

65 1027 242 1078 recidit,
276 1038 319 1068 et
339 1027 510 1083 quando
532 1026 703 1066 exsistit
718 1026 739 1066 ?
770 1037 845 1066 aut
866 1028 961 1081 quis
981 1028 1191 1084 intelligit
1206 1030 1226 1069 2
1258 1032 1417 1084 Immo,
1448 1046 1540 1088 post

62 1087 232 1138 priorem
248 1096 419 1134 creatus,
452 1083 609 1136 prioris
628 1083 788 1122 mortui
808 1098 1025 1124 successor
1043 1095 1085 1125 et
1107 1086 1278 1141 quidem
1294 1102 1370 1141 per
1389 1090 1541 1131 suffra-

64 1141 134 1196 gia
161 1140 428 1180 sacerdotum
463 1139 757 1193 quaerentium
785 1141 956 1194 passim.
1017 1141 1138 1182 Adeo
1170 1146 1297 1197 plane
1327 1149 1542 1188 contraria

63 1206 128 1236 est
151 1197 329 1237 Luciam’
348 1196 558 1236 sententia
573 1227 584 1246 ‚
617 1210 741 1251 quam
764 1195 1024 1251 affingebant
1043 1198 1123 1240 illi.
1186 1199 1317 1254 Quod
1337 1212 1449 1243 certe
1470 1203 1542 1244 de·

63 1253 253 1293 buerunt
276 1253 459 1304 vidisse,
491 1267 585 1292 cum
606 1253 734 1292 toties
756 1253 801 1291 in
825 1252 908 1292 hoc
930 1264 1105 1294 auctore
1127 1256 1191 1298 ἐπὶ
1207 1256 1387 1309 τούτοις,
1419 1270 1462 1299 et
1491 1261 1538 1299 in

63 1309 260 1348 Vitarum
282 1310 506 1358 auctione,
541 1310 603 1351 ἐπὶ
621 1309 864 1360 τουτέοισιν,
896 1311 1023 1350 etiam
1047 1312 1092 1349 in
1116 1312 1311 1366 Cataplo.
1373 1315 1456 1355 Sed
1476 1317 1539 1355 sic

63 1375 205 1405 tamen
226 1365 455 1420 aliquoties
476 1365 549 1404 hic
571 1364 764 1405 desidero
799 1380 975 1406 acumen
999 1367 1293 1421 interpretum.
1352 1371 1463 1411 Nam
1486 1373 1539 1411 li-

64 1421 143 1460 bro
164 1428 202 1466 2.
235 1422 370 1463 Verae
390 1422 554 1463 Histor.
572 1423 636 1464 ἐπὶ
659 1421 702 1463 δὲ
720 1427 776 1479 τῷ
788 1426 937 1479 δείπνῳ
959 1430 1138 1480 μουσικῇ
1157 1442 1197 1467 τε
1215 1428 1283 1468 καὶ
1307 1421 1431 1483 ᾠδαῖς
1449 1442 1540 1482 σχο-

63 1475 274 1529 λάζουσιν·
316 1477 390 1518 ubi
426 1477 662 1518 Benedictus
700 1481 742 1518 in
770 1495 913 1521 coena:
945 1495 1051 1535 quae
1078 1482 1116 1519 si
1147 1496 1244 1522 vera
1274 1494 1338 1523 est
1367 1485 1536 1534 versio,

65 1535 172 1589 quid
193 1536 362 1574 faciunt
388 1532 601 1587 ἐκπώματα
627 1538 759 1589 paulo
792 1546 890 1576 ante
922 1536 1169 1589 descripta?
1202 1538 1331 1580 immo
1360 1551 1425 1580 est
1447 1553 1538 1597 post

63 1608 238 1633 coenam.
298 1592 369 1631 Sic
389 1591 574 1630 notabili
591 1606 733 1632 errore
752 1592 796 1630 in
822 1593 952 1633 initio
975 1594 1215 1649 Apologiae
1247 1610 1325 1648 pro
1345 1597 1539 1638 mercede

64 1648 292 1688 conductis
319 1648 393 1687 illa
414 1646 474 1690 ὅτι
498 1649 569 1702 μὲν
590 1647 666 1703 γὰρ
689 1646 762 1690 οὐκ
790 1644 972 1704 ἀγελαστὶ
1001 1649 1168 1706 διεξῄεις
1186 1649 1309 1703 αὐτὸ,
1340 1655 1410 1696 καὶ
1428 1652 1539 1696 πάνυ

61 1722 132 1759 μοι
147 1703 369 1759 πρόδηλον·
390 1702 417 1745 ἃ
430 1706 473 1747 δὲ
483 1703 624 1757 μεταξύ
643 1706 710 1745 καὶ
721 1707 784 1747 ε’πὶ
801 1711 924 1748 πᾶσιν
940 1704 1022 1748 ’ὖπό
1043 1721 1116 1748 σου
1137 1709 1281 1762 ἐλέγετο
1294 1718 1374 1749 etc.
1406 1709 1536 1750 video

60 1761 198 1807 reddi,
230 1761 298 1801 secl
318 1761 416 1816 quid
435 1763 590 1801 interim
605 1763 645 1800 in
663 1761 822 1815 singula
839 1762 996 1812 diceres,
1032 1778 1125 1802 cum
1146 1774 1258 1803 certe
1277 1764 1538 1817 debuissent,

61 1817 131 1857 sed
151 1835 252 1873 quae
268 1821 421 1857 interim
441 1829 475 1856 et
487 1829 579 1871 post
601 1819 734 1857 omnia
757 1821 935 1872 (nempe
957 1821 1096 1873 lecta)
1120 1820 1172 1859 ab
1193 1831 1228 1859 ie
1248 1820 1538 1880 diciafuerint.

62 1875 207 1915 Gnon.

176 1930 281 1971 Ibid.
307 1929 401 1973 Ἐπὶ
417 1927 474 1984 τῷ
487 1929 697 1984 προτέρῳ)
727 1929 797 1969 Sic
814 1932 986 1970 locutus
1006 1940 1068 1971 est
1093 1931 1233 1974 Galen.
1253 1933 1298 1972 in
1322 1934 1536 1988 Hippocr.

63 1985 117 2026 de
136 1989 209 2026 sal.
230 1988 384 2029 diaeta.
439 1985 822 2029 Ἐπιδιεσκευᾶσθαι
844 1989 992 2041 λέγεται
1017 1991 1173 2043 βιβλίον
1203 2013 1260 2021 -
1289 1991 1353 2033 ἐπὶ
1369 1997 1426 2048 τῷ
1439 2009 1541 2046 προ-

62 2045 162 2097 τέρῳ
183 2045 440 2101 γεγραμμένῳ
460 2042 503 2086 τὸ
526 2041 712 2098 δεύτερον
727 2044 902 2099 γραφὲν,
935 2042 1031 2086 ὅταν
1050 2055 1131 2086 etc.
1164 2046 1216 2087 V.
1244 2046 1467 2088 casaubon.
1485 2047 1538 2089 ad

63 2102 212 2142 Athen.
235 2106 330 2144 210.
354 2105 423 2144 47.
456 2102 621 2141 Soram.

179 2157 281 2210 Pag.
307 2160 423 2202 89.1.
447 2162 483 2201 4.
522 2160 617 2199 Τοῦ
647 2155 733 2209 μὲν
763 2178 815 2185 ·-
845 2162 935 2200 τοῦ
963 2157 1036 2211 δὲ]
1068 2158 1206 2213 Quam
1236 2158 1288 2198 ad
1319 2159 1359 2199 h.
1383 2163 1413 2201 l.
1443 2161 1538 2201 Rei-

64 2216 166 2254 tzius
186 2213 230 2251 in
253 2213 333 2252 Ed.
358 2214 474 2268 Belg.
499 2222 747 2266 reposuerat
767 2223 926 2263 notam,
947 2229 1036 2254 eam
1058 2230 1151 2262 nos,
1178 2216 1412 2268 Bipontini
1433 2218 1538 2256 Edi-

65 2271 176 2310 toris
193 2273 431 2322 exemplum
452 2270 611 2318 secuti,
645 2283 695 2309 eo
720 2272 1039 2318 transtulimus,
1077 2285 1163 2324 quo
1186 2271 1448 2325 pertinebat,
1481 2274 1535 2315 ad

64 2340 108 2380 p.
127 2331 224 2370 484.
283 2327 355 2365 De
372 2325 626 2366 Democrito
647 2335 786 2366 autem
818 2335 861 2367 et
894 2327 1117 2368 Heraclito
1149 2327 1293 2369 Noster
1321 2328 1412 2383 ipse
1448 2331 1537 2372 Vit.

64 2383 195 2426 Auct.
218 2396 255 2424 ο.
280 2388 348 2430 13.
369 2387 436 2429 14.
462 2383 622 2427 LzuM,
