1781 3174
233 204 332 252 594
582 209 1340 244 ADNOTATIONES

234 330 335 359 casu
356 313 495 357 efferri
523 327 611 354 non
631 320 825 366 poterat,
859 310 956 365 quia
988 324 1147 351 novum
1173 310 1346 351 verbum
1369 325 1456 351 non
1480 312 1693 368 sequitu1·;

232 376 306 414 hic
325 383 463 415 tamen
485 370 537 411 ad
559 370 734 409 verbum
758 366 1008 408 aestimandi
1023 367 1276 419 praecedens
1296 369 1422 407 etiam
1442 371 1694 422 respicitur;

233 447 331 471 nam
353 441 396 470 et
416 430 476 468 sic
494 425 773 481 planeNosier
793 438 917 478 supra
936 424 980 462 in
1000 425 1302 466 Dia11.Mortt.
1322 425 1398 465 IV.
1413 440 1473 478 pr.
1493 426 1696 481 ’Ἀγκυραν

234 511 289 519 --—
320 489 433 529 πέντε
455 487 652 538 δραχμῶν.
687 486 812 523 ΧΑΡ.
834 485 983 523 πολλοῦ
1000 483 1134 536 λέγεις.
1196 481 1239 520 Si
1264 483 1359 534 quis
1381 492 1515 522 tamen
1544 487 1696 537 vulga-

232 555 317 585 tam
339 541 450 583 tueri
474 541 581 580 velit
602 554 654 579 ex
669 537 758 578 Vit.
783 548 895 578 auct.
919 553 953 577 c.
975 543 1043 582 26.
1066 537 1170 577 med.
1194 552 1267 590 pet
1294 553 1358 578 me
1376 539 1489 580 licet.
1532 541 1695 580 Rm'rz.

233 602 474 652 Utrumque
504 606 617 636 recte
639 592 807 633 dicitur.
867 596 917 633 In
940 595 1027 633 Vit.
1055 595 1179 632 Auct.
1201 597 1226 632 l.
1251 609 1283 635 e.
1311 609 1396 634 non
1421 596 1560 633 minus
1581 606 1695 636 certo

231 658 393 712 legitur
419 652 523 696 πολύ
549 653 694 707 λέγεις,
729 665 854 704 quam
884 652 927 689 in
953 651 1089 690 Diall.
1114 650 1264 688 Mortt·
1283 654 1311 689 l·
1333 655 1361 692 1.
1389 657 1543 693 πολλοῦ
1564 654 1695 708 λέγεις.

230 714 331 753 Hoc
353 720 492 750 autem
513 713 610 749 loco
634 711 849 762 vulgatam
877 710 1064 746 omnium
1086 705 1196 745 Edd.
1220 708 1446 746 lectionem
1467 718 1588 748 tanto
1614 724 1694 748 ma-

231 769 317 825 jori
336 771 427 822 jure
447 766 638 807 revocari
667 765 911 811 censebam,
945 779 1097 817 quum,
1129 763 1339 803 referente
1355 764 1519 814 Boline,
1552 781 1693 820 quam-

233 839 359 879 quam
391 838 477 862 non
505 823 737 876 probante,
771 819 856 859 duo
886 819 1022 860 Codd.
1053 819 1205 860 Pariss.
1239 820 1412 859 eandem
1444 821 1690 861 exhibeant.

230 881 283 922 ln
304 879 441 920 Codd.
461 879 509 921 P.
532 889 574 919 et
589 879 642 917 L.
666 876 781 931 quod
807 877 1016 929 reperitur
1042 880 1210 926 πολλοῦ,
1242 887 1380 916 ortum
1400 891 1488 917 esse
1507 880 1653 931 potuit
1672 894 1694 919 e

230 938 437 978 variantis
462 935 666 975 dictionis
688 933 996 973 observatione.
1038 935 1197 972 meM.

344 992 446 1033 Eacl.
465 995 492 1032 l.
513 998 553 1036 7.
581 989 746 1041 Ἀφυῶν
766 992 852 1041 ἔλ.)
884 989 980 1028 Vid.
999 989 1204 1043 Aristoplz.
1221 988 1352 1031 Sclzol.
1377 990 1419 1028 in
1435 991 1518 1044 Eq.
1541 1004 1582 1044 p.
1597 996 1692 1035 226.

229 1050 401 1089 Vons'r.
460 1050 615 1090 Glossa
634 1047 764 1088 Paris.
782 1047 949 1101 Aphyae
964 1047 1165 1100 pisciculi,
1199 1063 1295 1099 quos
1312 1050 1419 1099 parii
1437 1047 1574 1097 limus,
1605 1064 1695 1086 ver--

225 1106 462 1146 miculorum
482 1108 608 1143 instar
632 1106 903 1145 scaturieuies:
935 1106 1107 1142 meminit
1128 1103 1338 1142 Aelianus.
1400 1104 1567 1142 Plinius
1590 1119 1690 1143 veto

224 1165 371 1215 Apuas
393 1177 413 1201 a
437 1161 608 1200 Latinis
631 1159 834 1214 appellari
863 1159 992 1209 dicit,
1027 1159 1142 1213 quod
1161 1173 1214 1199 ex
1232 1173 1341 1213 aqua
1361 1169 1402 1200 et
1422 1161 1569 1213 pluvia
1595 1175 1692 1214 pro-

227 1229 434 1259 creentur.
464 1219 628 1259 Ruri-z.

339 1275 489 1313 Ead.1.
511 1280 548 1318 8.
578 1271 865 1327 Ἀφυέστατοι)
894 1270 996 1312 Non
1030 1282 1171 1323 potest
1201 1272 1420 1313 commode
1449 1277 1566 1313 lusus
1589 1288 1692 1313 ver-

225 1331 375 1370 borum
400 1333 642 1370 conservari
660 1346 712 1371 ex
735 1331 992 1383 cognatione
1017 1327 1165 1381 ἇφυών
1186 1345 1389 1382 apum-um,
1423 1342 1465 1370 et
1487 1327 1691 1383 α’φυεστᾶ-

224 1406 318 1430 των.
353 1387 492 1428 GESN.
553 1387 719 1426 Lusum
751 1386 865 1424 hunc
897 1385 1124 1424 verborum
1152 1387 1196 1423 in
1231 1384 1345 1437 ἅφύα
1372 1398 1414 1426 et
1443 1385 1691 1440 ἀφυέστατος

225 1458 315 1483 non
339 1442 560 1483 commode
579 1443 735 1482 servari
758 1456 883 1495 posse
908 1443 967 1480 ait
995 1441 1193 1481 Gesnerus.
1223 1444 1348 1480 vertit
1372 1444 1531 1496 itaque,
1557 1444 1686 1483 immo

224 1500 411 1539 maxime
431 1509 530 1538 sunt
552 1499 724 1554 cognati
754 1499 875 1552 apuis
894 1497 1155 1552 itffblicissimi
1184 1500 1328 1550 ingenii
1349 1498 1554 1539 homines.
1598 1514 1687 1538 non

224 1556 300 1596 hoc
319 1567 461 1609 putem
483 1555 623 1596 dicere
642 1555 829 1594 voluisse
846 1555 1111 1602 Lucianum,
1144 1554 1216 1593 sed
1239 1569 1342 1604 esse,
1375 1558 1545 1594 omnium
1564 1573 1686 1610 apua·

225 1630 311 1651 rum
334 1611 563 1661 vilissimos,
598 1611 922 1660 contemtiores‚
953 1625 1077 1664 quam
1111 1625 1254 1663 apufle.
1316 1611 1448 1664 Cujus
1472 1612 1687 1664 interpre-

221 1669 400 1707 tationis
424 1668 571 1707 vadem
601 1669 705 1707 sisto
726 1668 994 1716 Athenaeum,
1031 1667 1103 1719 qui
1134 1668 1179 1704 in
1199 1667 1498 1721 Deipnosoph,
1522 1669 1622 1709 VII.
1646 1675 1686 1713 8.

222 1723 274 1764 de
298 1725 421 1776 apuis
454 1724 557 1763 haec
586 1725 736 1764 refert:
768 1722 842 1776 τὴν
872 1721 1012 1775 ἀφύην
1043 1726 1084 1765 ἐν
1112 1719 1307 1774 Ἀθήναις
1335 1722 1586 1778 ὑπερορῶσι,
1619 1728 1687 1768 καὶ

218 1780 419 1834 πτωχικὸν
454 1779 558 1822 εἷναί
586 1795 710 1833 φασιν
743 1779 873 1831 ὄψον,
908 1791 950 1819 et
976 1780 1147 1833 quidem
1180 1779 1232 1818 ob
1255 1781 1577 1822 multitudinem
1605 1797 1685 1822 ea-

219 1851 325 1876 rum.
360 1837 590 1890 capiuntur
612 1837 748 1887 enim,
782 1846 830 1875 ut
851 1836 1146 1876 Archestratus
1169 1836 1251 1886 ait,

769 1916 824 1922 —
861 1916 917 1924 —-
950 1894 994 1935 ἐν
1018 1889 1246 1935 εὐκόλποισι
1275 1891 1463 1950 Φαλήρου

430 1943 595 2004 Ἀγκῶσι
628 1971 683 1978 —-
713 1951 848 2003 ἱεροῖς.
886 1973 944 1982 —-

211 2005 330 2045 Hinc
349 2007 491 2060 pergit
512 2007 734 2060 Diogenes
767 2005 997 2060 (pisciculi
1018 2005 1062 2044 hi
1087 2005 1278 2060 quamvis
1304 2005 1409 2046 viles
1427 2006 1513 2047 sint
1537 2009 1681 2050 Athe-

210 2063 303 2112 nis)
326 2077 397 2103 eos
421 2073 559 2102 tamen
585 2063 771 2102 extrahe.
811 2065 942 2104 SEYB.
1004 2063 1218 2101 Doctrina
1246 2066 1350 2102 male
1376 2063 1447 2102 hic
1470 2068 1678 2105 collocata

206 2120 489 2171 praestrinxit
512 2118 704 2173 Seybolclo
733 2123 901 2170 oculos,
934 2133 1018 2173 quo
1043 2120 1181 2158 miuus
1204 2119 1246 2157 id
1271 2130 1474 2168 cerneret,
1506 2137 1590 2176 quo
1615 2123 1680 2160 ni-

208 2172 274 2212 hil
296 2177 450 2214 clarius
472 2189 561 2215 esse
580 2185 734 2228 potest.
794 2178 1066 2216 Momentum
1083 2175 1319 2214 sententiae
1341 2176 1467 2216 unice
1491 2178 1534 2216 in
1554 2178 1676 2217 vocis

206 2226 321 2284 ἆφύη
347 2246 439 2270 cum
463 2229 602 2284 ἆφυής
623 2231 910 2271 similitudine
931 2231 1229 2285 quaerendum.
1276 2233 1407 2285 Atqui
1430 2231 1567 2284 ἀφυὴς
1585 2249 1673 2273 non

204 2286 316 2326 vilem
338 2287 575 2343 significat,
607 2288 678 2328 sed
699 2289 773 2342 qui
793 2290 937 2342 ingenii
960 2299 1021 2326 est
1040 2288 1402 2342 lwutlfisicissimi.
1464 2290 1579 2343 Ergo
1601 2290 1675 2328 ui-

203 2341 268 2380 hil
300 2343 411 2383 dixit
454 2344 691 2396 δεγόοἷιῖιις,
723 2355 768 2385 et
807 2360 894 2385 rem
934 2345 1080 2400 tetigit
1113 2344 1324 2397 Gesner-zm,-
1365 2345 1483 2398 cepit
1512 2349 1672 2386 saltem.

204 2397 365 2439 Lnnm.
1259 2439 1263 2443 .

316 2455 419 2497 Eacl.
452 2459 478 2500 l.
512 2460 552 2501 9.
590 2454 833 2510 θΗμίτομος)
867 2458 1012 2498 Etiam
1053 2457 1358 2497 Germanorum
1403 2459 1668 2500 consuetudo

201 2509 305 2551 laios
324 2512 419 2551 illos
439 2514 579 2566 pisces
600 2514 829 2555 dimidiatos
845 2526 992 2563 vocat,
1025 2514 1278 2566 Hallqfisclze:
1313 2515 1670 2566 quemadmodum

201 2568 328 2606 etiam
366 2568 704 2622 nobilissimum,
736 2571 847 2624 apud
880 2571 1208 2611 mediterraneos
1241 2579 1376 2617 certe,
1410 2585 1565 2624 genus,
1599 2589 1670 2612 so-

200 2621 301 2671 leas,
333 2627 462 2678 vulgo
486 2626 695 2668 Plateis-sen
719 2632 785 2668 vel
803 2627 1013 2677 Ρῖαϊίςεεη,
1047 2632 1228 2674 πλατεῖς,
1262 2629 1491 2679 appellant.
1525 2628 1663 2672 Gnsu.

311 2679 415 2719 Ead-
438 2684 464 2721 l.
485 2687 549 2724 10.
590 2687 755 2735 Ψῆττα)
785 2684 924 2723 Gloss.
946 2683 1097 2723 Pariss.
1121 2682 1253 2723 Psetta
1269 2685 1394 2737 piscis
1417 2683 1545 2725 latus:
1575 2702 1664 2726 me-

198 2736 312 2775 minit
330 2737 564 2778 Aristoteles
588 2751 621 2779 et
646 2740 802 2784 Suiclas.
843 2741 1007 2781 RmTz.
