1781 3174
501 219 573 256 rm
640 216 1128 254 PiscAroREm.
1441 208 1541 262 573

76 341 173 369 nem
197 326 346 384 genuit
367 323 560 373 asinina,‘
590 334 699 377 quae
720 321 765 360 in
787 321 1001 364 veteribus
1031 319 1140 361 Edd.
1170 321 1409 374 reperitur-J
1439 333 1541 366 tex-

75 396 144 425 tus
166 384 472 437 interpunctio.
534 353 708 420 Scilicet
729 389 827 433 post
849 378 946 421 ὄνον
969 393 1128 418 comma
1153 381 1339 431 positum
1371 392 1456 432 est
1490 394 1540 422 ut

74 445 155 496 jam
185 440 375 488 πολλάκις
401 453 487 477 non
516 445 683 490 posset,
729 436 835 490 quin
874 435 1004 475 verbo
1048 434 1118 487 offas
1103 439 1183 489 755
1223 434 1537 490 adjungffletur

72 499 229 537 Nihilo
253 506 457 551 praestat,
491 494 575 531 imo
597 493 724 532 etiam
758 493 947 545 ineptior
977 502 1063 539 est,
1094 508 1141 530 ac
1170 507 1304 545 paene
1331 494 1535 546 ridicula,

70 555 358 602 Ριν·ε]ι·]ιε·γτηει·ἰ
378 550 701 603 interpretatio:
735 549 856 588 donec
876 550 1010 602 hospes
1028 549 1190 602 quidam
1212 552 1338 602 ipsum
1357 567 1435 589 non
1461 528 1536 591 [1⁹10

70 628 179 663 nem,
211 610 277 650 secl
298 612 450 648 asinum
479 624 556 645 esse
589 605 915 659 deprehendisset,
945 606 1070 644 ἰειόίε
1099 606 1376 658 reclalguisset,
1395 607 1538 663 fusti-

70 666 213 722 busque
230 670 451 720 insequutus
467 663 899 704 verwbetasset.me1.

179 745 282 787 Εαιῖ.
300 747 327 786 l.
353 749 419 788 13.
446 741 516 784 Ἐν
538 740 655 794 Κύμῃ
675 741 798 791 ὄνον)
828 743 946 782 Haec
965 756 1018 781 ex
1040 741 1183 780 fabula
1200 742 1354 796 Aesopi
1373 743 1536 784 desum-

68 813 111 843 ta
138 817 247 848 esse,
281 802 370 854 ipse
395 800 597 839 Lucicmus
617 799 718 836 alibi
738 800 803 849 (si
832 800 1007 838 Luciani
1029 799 1197 852 quidem
1228 799 1398 838 libellus
1431 801 1535 853 ille)

66 869 270 909 testatur,
303 859 346 895 in
374 857 519 910 Fugit.
547 870 579 897 e.
604 861 667 900 13.
708 855 865 894 Passim
897 855 1001 894 alibi
1031 856 1181 909 tangit.
1222 855 1411 909 Philops.
1435 873 1469 896 c.
1492 862 1531 901 5,

66 927 109 956 et
130 915 325 955 Pseudol.
348 928 382 954 c.
408 920 446 957 3.
509 911 591 953 Sed
614 912 659 950 in
680 912 901 951 hodiernis
926 912 1077 965 Aesopi
1098 926 1205 965 quae
1236 911 1437 951 dicuntur
1469 916 1535 954 fa..

63 973 202 1023 bulis,
238 973 464 1011 Cumarum
486 972 603 1007 nulla
626 970 803 1010 mentio.
846 968 945 1007 Vid.
973 968 1347 1012 delect.fab.123.
1371 981 1412 1009 et
1438 976 1531 1014 157.

66 1040 109 1069 et
131 1030 294 1083 ipsum,
328 1028 404 1081 qui
430 1026 754 1075 circumfertur,
784 1026 986 1078 Aesopum
1017 1025 1103 1065 fab
1131 1031 1224 1069 113.
1287 1025 1436 1065 Utitur
1464 1036 1534 1066 eta

63 1087 148 1125 iam
170 1083 398 1138 proverbio
418 1082 519 1121 inde
543 1082 671 1122 ducto
696 1083 886 1121 Socrates
908 1081 1021 1135 apud
1040 1081 1278 1121 Platonem
1267 1095 1312 1119 1n
1339 1083 1531 1136 Cratylo,

61 1157 116 1182 ne
135 1141 393 1181 recentiores
415 1153 653 1178 memorem.
686 1141 774 1179 SoL
781 1154 854 1178 AN.

175 1210 275 1263 Pag
311 1213 403 1252 164.
435 1211 463 1247 l·
496 1212 534 1250 2.
579 1209 636 1249 Εἴ
657 1225 746 1248 τινα
777 1207 950 1254 τοῦτον)
990 1206 1132 1261 Lege:
1186 1208 1224 1248 εἷ’
1244 1225 1332 1250 τινα
1368 1207 1532 1252 τούτων.

61 1268 208 1307 Bnon.
268 1266 394 1332 Angl
427 1262 601 1313 τούτων,
644 1264 1018 1304 melius.Boun1).
1060 1238 1270 1317 b‘Corrigit
1298 1266 1530 1317 Brodaeus,

62 1326 102 1366 εἷ’
126 1340 215 1364 τινα
240 1320 405 1364 τούτων.
466 1321 631 1360 Melius
662 1323 702 1362 εἴ
728 1338 815 1361 τινα
839 1323 1036 1362 τοιοῦτον.
1079 1319 1288 1362 MAncm,
1367 1321 1533 1365 Τούτων

59 1380 292 1431 B1·0claeus‚·
325 1388 365 1417 et
389 1378 564 1417 omnino
587 1378 645 1415 ita
682 1378 725 1415 in
749 1378 792 1414 P.
821 1376 1050 1427 legebatur
1110 1377 1200 1414 Alii
1222 1378 1379 1416 rectius
1400 1385 1530 1422 τοιοῦ-

60 1454 132 1478 τον
156 1435 420 1489 conjiciunt,
454 1443 502 1472 ut
529 1443 694 1485 praeter
724 1432 960 1473 Marcilium
991 1433 1197 1484 Vmstius,
1239 1434 1354 1488 quod
1382 1446 1424 1476 et
1456 1451 1531 1476 vo·

60 1492 192 1533 luisse
215 1491 340 1531 credo
363 1490 547 1530 editores
569 1489 607 1529 J.
634 1490 734 1543 quia
757 1488 951 1528 scribunt
971 1495 1127 1532 τοῦτον.
1160 1490 1328 1533 SOLAN

172 1571 274 1613 Eacl.
306 1574 333 1610 1.
361 1573 401 1616 5.
427 1568 562 1611 ‘'Orov
588 1567 712 1611 αυτὸν
736 1567 947 1622 ἐπωνυμον
975 1571 1124 1618 ἐκεῖνος
1156 1571 1349 1621 ἐποιεῖτο,
1381 1589 1447 1614 και
1480 1567 1531 1615 οὗ

59 1626 155 1678 τούς
173 1629 319 1683 λόγους
345 1629 548 1675 ἐποιεῖτο)
587 1627 682 1666 Viri
711 1627 828 1666 docti
858 1628 903 1664 in
933 1626 999 1664 his
1031 1627 1091 1664 ita
1121 1639 1365 1676 versantur,
1413 1644 1460 1668 ac
1491 1630 1531 1669 si

59 1687 244 1726 Luciano
267 1699 353 1724 non
375 1683 689 1737 suppeditasset
711 1684 834 1736 copia
864 1682 1132 1736 exprimendi
1155 1698 1211 1721 se.
1274 1685 1453 1735 Scripsit
1473 1687 1530 1725 si-

60 1757 114 1782 ne
138 1742 269 1781 dubio
296 1743 342 1783 οὑ
358 1758 449 1789 τους
468 1738 610 1807 λόὶους
640 1741 836 1782 ἐπονεῖτο.
890 1740 942 1778 In
975 1739 1191 1792 Apologia
1219 1754 1295 1790 pro
1325 1742 1529 1781 RIercede

60 1798 286 1838 conductis
316 1798 376 1836 ait
410 1795 557 1865 λόγους
588 1792 743 1844 ἀσκεῖν,
785 1801 914 1839 c.15-
948 1795 1092 1836 GRON
1155 1795 1418 1847 Scholiastes,
1452 1798 1533 1837 ubi

59 1859 198 1923 vulgo
218 1854 395 1919 legitur,
437 1871 514 1894 ουκ
543 1856 669 1901 ἔστιν,
718 1851 825 1901 ὅστις
850 1848 903 1923 'ozi
933 1854 1181 1904 φιλοσοφίαν
1215 1849 1341 1905 αυτὴν
1371 1853 1529 1910 ῃτιᾶτο,

60 1914 131 1953 καὶ
159 1909 230 1953 τὸν
274 1907 516 1963 Χρύσιππον
547 1934 599 1940 -
628 1907 658 1962 ἦ
685 1908 780 1951 ὅτου
812 1904 933 1951 αυτὸν
959 1906 1170 1961 ἐπώνυμον
1201 1926 1221 1950 ο
1250 1897 1531 1964 διαιιαοτάνων

60 1971 210 2016 ἐκεῖνος
236 1968 428 2015 ἔτοιεῖτο,
468 1966 512 2004 in
542 1981 619 2005 suo
654 1966 765 2005 libro
795 1967 921 2020 legit,
962 1963 989 2016 η’
1017 1963 1160 2006 τούτου
1183 1963 1254 2007 τὸν
1288 1966 1527 2020 ἐπώνυμον,

60 2025 279 2089 refertque
299 2023 350 2062 ad
371 2025 584 2076 Diogenem
604 2022 803 2078 Cynicum.
863 2021 943 2061 Sed
969 2021 1081 2060 haud
1104 2021 1232 2060 dubie
1254 2026 1424 2078 vulgata
1444 2027 1530 2064 lec-

62 2083 127 2120 tio
148 2091 210 2119 est
227 2080 469 2126 verissima,
502 2080 547 2118 in
573 2094 655 2132 qua
679 2079 722 2117 id
744 2088 894 2118 auctor
911 2081 1030 2118 vult:
1064 2077 1178 2131 quod
1207 2079 1313 2117 mihi
1346 2081 1530 2121 maxime

64 2136 294 2191 indignum
314 2136 554 2187 videbatur,
586 2135 694 2174 illud
718 2145 820 2182 erat,
855 2134 983 2187 quod,
1009 2134 1082 2172 ubi
1108 2134 1529 2190 pseudophilosophi

62 2194 376 2234 committerent
401 2193 536 2243 turpis
571 2192 674 2244 quid
708 2206 754 2231 ac
783 2190 1012 2245 flagitiosi,
1047 2191 1253 2230 continuo
1283 2203 1529 2233 accusarent

60 2250 255 2290 homines
287 2250 421 2301 ipsam
451 2248 770 2301 Philosophiam,
803 2207 861 2288 etg
877 2246 1154 2301 Chrysippum,
1193 2250 1261 2286 vel
1294 2248 1527 2300 Platonem,

61 2310 130 2347 vel
151 2307 428 2361 Pflhagorffan
460 2309 526 2344 vel
551 2320 668 2354 eum,
702 2320 722 2343 a
747 2308 1037 2357 cujuscunque
1062 2304 1235 2343 nomine
1259 2319 1304 2342 se
1321 2305 1416 2350 ille,
1451 2307 1528 2359 qui

63 2362 283 2417 quidpiam
304 2362 603 2411 commisisset,
637 2365 878 2414 appellaret.
941 2360 1079 2398 Non
1062 2377 1202 2407 ενικως
1229 2361 1421 2414 Diogenes
1443 2362 1529 2416 Cy-

63 2422 197 2469 nicus,
230 2419 301 2458 sed
324 2419 529 2471 quilibet,
564 2422 683 2472 cujus
707 2429 818 2457 certa
840 2425 949 2456 secta
970 2426 1081 2466 erat,
1112 2417 1383 2480 intelligitur.
1429 2420 1528 2458 Per-

63 2476 257 2527 spicuum
287 2486 424 2514 tamen
455 2485 542 2525 est,
577 2476 619 2512 in
653 2475 838 2526 vulgatis
870 2469 1017 2522 αὐτὸν,
1048 2488 1134 2511 non
1167 2468 1310 2522 αὐτὸν,
1343 2474 1528 2514 scriben-

64 2532 180 2571 dum.
208 2532 335 2572 Jnus.
394 2529 530 2574 Αὕτὸν
556 2534 686 2585 vulgo
713 2530 950 2583 legebatur3
984 2529 1055 2568 sed
1088 2540 1199 2568 lecte
1233 2528 1401 2577 Gu3e1us
1438 2546 1528 2571 cor-

63 2588 200 2635 rexit,
232 2598 274 2627 et
297 2586 420 2631 αυτὸν
443 2588 653 2641 adspirate
678 2587 874 2639 scripsit,
908 2585 974 2623 cui
997 2585 1234 2637 paruimus,
1269 2579 1465 2639 idemque
1484 2597 1528 2627 et

66 2644 169 2684 alibi
189 2645 465 2684 restituimus.
527 2644 720 2684 Millies
712 2659 753 2681 ιιι
783 2642 934 2694 spiritu
967 2641 1048 2680 hoc
1081 2654 1278 2694 peccatur
1308 2642 1351 2680 in
1387 2643 1525 2684 Editt.

64 2703 132 2742 Ne
153 2702 297 2754 itaque
319 2702 424 2740 mihi
443 2701 702 2753 objiciantur
726 2701 913 2751 exempla
930 2728 940 2747 ‚
975 2698 1047 2735 ubi
1067 2695 1191 2739 αὐτοῦ
1209 2713 1284 2750 pro
1307 2697 1433 2741 αὑτοῦ
1450 2714 1528 2754 po-

67 2759 194 2798 situm
210 2760 389 2814 legatur.
453 2758 559 2798 Cum
580 2757 693 2800 euim
711 2757 757 2796 in
778 2755 1013 2797 Codicibus
1034 2757 1181 2808 paullo
1203 2755 1525 2812 antiquioribus
