1781 3174
216 203 316 251 544
570 207 1326 241 ADNOTATIONES

216 319 336 355 locus
355 324 483 365 prava
507 304 854 358 interpunctione
873 304 1259 358 pessimehabitus;
1295 307 1487 347 etnihilo
1511 308 1672 359 melior,

219 370 273 409 ad
293 378 472 408 mentem
504 363 718 411 auctoris,
752 362 854 399 oriri
888 362 1033 413 potuit
1067 362 1378 415 interpretatio.
1438 365 1507 403 Sic
1535 375 1672 405 autem

221 426 461 477 distingue,
499 421 686 473 Θαρῥεῖτε
703 415 846 458 τούτου
867 435 909 471 ys
929 418 1049 459 ἕνεκα.
1084 416 1228 460 οὐδένα
1256 424 1441 462 τοιοῦτον
1465 431 1543 461 etc.
1605 423 1674 461 Se-

220 498 292 524 cus
315 476 424 519 illud
445 474 587 519 τούτου
608 492 651 530 ys
674 475 786 515 ἕνεκα
807 474 892 511 fuit
913 475 962 513 ab
989 476 1175 526 Θαῤῥεῖτε
1197 475 1423 526 divulsum,
1439 486 1480 515 et
1502 491 1674 531 sequen-

219 540 335 578 tibus
357 535 580 585 adjectum.
643 532 747 569 Vult
768 531 878 568 enim
901 540 1068 580 auctor,
1100 531 1161 569 De
1176 549 1216 571 eo
1237 533 1388 586 quidem
1411 550 1456 571 ne
1471 544 1586 572 estote
1601 533 1678 573 sol-

219 596 330 635 liciti,
391 591 681 641 Neminem-ego
705 586 819 625 talem
845 589 1028 625 constitui
1049 588 1145 625 mihi
1166 589 1369 641 postulare
1382 589 1578 642 judicem,
1613 592 1680 643 qui

220 655 270 691 sit
292 658 487 702 suspectus
507 645 570 683 vel
586 660 741 696 anceps.
802 644 930 682 Plane
953 644 1018 680 uti
1041 658 1116 681 nos
1140 643 1247 682 hanc
1274 647 1501 683 lectionem
1535 645 1679 698 dispo-

221 708 406 753 suimus,
441 700 797 754 deprehendimus
821 709 969 751 postea
993 698 1138 738 haberi
1171 702 1213 737 in
1236 699 1426 740 editione
1453 703 1565 743 Flor.
1598 702 1680 740 nisi

223 761 341 817 quod
367 760 457 798 illic
493 758 702 811 particula
732 772 796 810 ys,
830 770 951 807 quam
983 756 1089 794 aliae
1120 756 1330 796 editiones
1352 768 1465 796 recte
1487 768 1679 809 servant,

224 829 288 859 est
315 818 481 856 omissa.
542 815 657 853 Mira
686 812 880 864 profecto
913 812 1157 864 interpretis
1186 812 1339 864 prioris
1375 813 1592 863 socordia,
1633 824 1683 852 ut

224 875 299 929 qui
322 870 528 926 loquendi
551 871 777 908 formulam
800 868 1027 920 aliquoties
1047 867 1096 906 ab
1117 869 1263 908 Nostro
1293 868 1396 906 alibi
1420 881 1679 922 usurpatam,

223 946 311 970 non
334 929 482 967 melius
507 925 761 973 observarit,
801 934 849 962 ut
881 938 968 963 eam
991 924 1073 962 hoc
1101 925 1145 962 in
1173 928 1271 962 loco
1293 924 1583 977 depravatam,
1616 926 1681 964 in-

223 985 416 1041 tegritati
449 998 550 1022 suae
585 981 757 1023 reddere
798 995 884 1019 non
923 981 1126 1032 potuerit.
1185 981 1276 1021 Jam
1311 996 1435 1033 supra
1468 981 1513 1019 in
1545 983 1679 1023 De0r‚

226 1043 325 1082 dial.
348 1041 444 1080 XX.
468 1040 502 1093 ξ.
532 1042 597 1083 15.
648 1034 797 1088 Θάῤῥει
817 1034 960 1078 τούτου
988 1053 1030 1091 ys
1061 1037 1187 1078 ἕνεκα.
1228 1041 1343 1079 παῖδε
1369 1034 1443 1091 γάρ
1477 1056 1544 1090 μοι
1570 1037 1683 1080 ἐστὸν

225 1098 308 1142 δύω
328 1096 432 1140 καλαὶ
449 1130 458 1146 ,
488 1097 549 1135 Ne
568 1099 622 1135 sis
641 1095 687 1133 cle
704 1094 778 1133 lzoc
809 1093 961 1147 quidem
988 1093 1203 1133 sollicitus:
1241 1105 1331 1132 sunt
1359 1096 1459 1132 enim
1485 1096 1581 1134 mihi
1609 1096 1685 1135 duo

221 1155 380 1210 pulchri
398 1153 509 1210 filii2
559 1153 680 1191 Infra
712 1164 882 1203 quoque
915 1151 959 1188 in
989 1150 1168 1202 Cataplo
1202 1164 1290 1201 cap.
1311 1155 1350 1194 8.
1391 1153 1682 1205 Μεγαπένθης.

219 1212 440 1255 Ἀπολεῖται
458 1210 533 1251 οὖν
553 1208 701 1263 χρυσὸς
720 1211 929 1256 τοςοῦτοςς
961 1203 1135 1260 Κλωθώ.
1199 1204 1284 1248 Οὐκ
1300 1204 1514 1249 einamma.
1545 1205 1689 1262 θάρῤει.

224 1267 370 1311 τούτου
394 1285 437 1321 ys
455 1267 584 1308 ἕνεκα.
643 1265 724 1302 Pro
749 1262 974 1317 Imaginib.
998 1270 1035 1305 ο.1
1055 1268 1118 1306 16.
1155 1261 1318 1317 Θάῤῥει,
1350 1257 1383 1304 ὦ
1402 1270 1570 1315 Λυκῖνε,
1599 1262 1688 1306 τοὺ-

225 1343 296 1368 του
327 1342 370 1378 ys
397 1324 531 1370 ἕνεκα,
576 1319 629 1369 ὥς
657 1316 705 1362 οὗ
741 1318 899 1370 φαῦλόν
914 1337 968 1371 με
990 1317 1214 1374 ὑποκριτὴν
1235 1322 1334 1370 ἕξων
1353 1324 1424 1371 τῆς
1445 1317 1684 1374 ἀπολογίας,

224 1383 286 1422 Ne
303 1384 379 1430 sis,
411 1383 467 1418 mi
486 1380 657 1432 Lycine,
691 1391 922 1428 magnopere
950 1375 996 1413 cle
1018 1376 1092 1416 Ῐῑοο
1107 1377 1328 1428 sollicitus·‚·
1357 1378 1498 1430 quippe
1519 1380 1586 1431 qui
1612 1394 1689 1416 non

211 1438 380 1495 futilem
414 1453 474 1474 me
503 1435 741 1489 defensionis
771 1443 859 1469 tuac
890 1432 1094 1471 habiturus
1125 1435 1178 1470 sis
1208 1444 1393 1472 actorem.
1455 1435 1525 1471 De
1554 1445 1688 1472 morte

224 1493 445 1547 Peregrini
466 1507 499 1530 c.
524 1497 590 1534 26.
646 1486 761 1536 Ἀλλᾴ
778 1489 982 1539 &affricam
1003 1488 1147 1530 τούτου
1163 1506 1208 1542 γε
1226 1490 1354 1530 ἕνεκα.
1395 1488 1468 1543 ἐγώ
1497 1487 1572 1543 γὰρ
1603 1493 1684 1531 διο-

223 1553 425 1604 μοσαίμην
456 1546 507 1590 ἂν
533 1558 613 1586 etc.
657 1547 780 1586 JENS.
850 1544 920 1582 Sic
947 1544 1150 1592 exhibui,
1192 1555 1240 1582 ut
1271 1548 1322 1585 cl.
1356 1544 1509 1584 Jensins
1536 1546 1687 1600 jussit,

222 1621 397 1661 pravam
417 1603 807 1656 interpunctionem
834 1600 1038 1639 tollendo.
1068 1602 1233 1639 RmTz.

336 1684 441 1725 End.
464 1687 492 1721 l·
519 1688 584 1725 10.
613 1678 684 1721 Ἐκ
705 1681 962 1730 περιουσίας)
995 1679 1220 1718 Adleverat
1240 1686 1336 1718 orae
1358 1680 1424 1718 ed.
1459 1680 1616 1720 Graevii
1639 1684 1688 1723 cl.

222 1741 559 1786 Hemstcrlzusius,
589 1737 782 1776 Dukerum
811 1735 1117 1781 consulendum
1150 1735 1201 1774 ad
1232 1737 1453 1792 fl'lmcydicl,
1486 1738 1608 1778 VIII.
1644 1752 1685 1790 p.

222 1805 320 1843 332.
381 1796 461 1838 Sed
485 1805 547 1835 est
576 1810 617 1847 p-
638 1799 734 1838 532·
770 1808 812 1832 n.
836 1797 901 1836 37.
934 1794 1005 1843 (et
1025 1792 1119 1844 Bip.
1141 1793 1236 1831 Vol.
1259 1793 1309 1831 V.
1330 1808 1369 1845 p.
1393 1793 1620 1845 255.)⁷ubi
1643 1795 1686 1835 ἐκ

220 1860 294 1898 τοῦ
317 1853 546 1908 περιόντος,
590 1861 630 1890 et
661 1848 739 1892 ἀπὸ
769 1851 1024 1900 περιουσίας,
1067 1865 1121 1887 ex
1157 1848 1398 1899 abundami,
1447 1850 1565 1899 sive‚·
1596 1850 1686 1904 plus

221 1928 339 1966 quam
359 1927 454 1964 opus
474 1920 547 1958 est,
580 1922 630 1946 ex
659 1905 835 1958 leucycl.
861 1905 1056 1954 affertur,
1087 1914 1129 1944 et
1156 1905 1259 1944 haec
1276 1905 1453 1945 Luciam·
1469 1906 1686 1959 verbaleo-

221 1967 316 2007 dem
337 1966 464 2005 modo
486 1973 773 2017 exponuntur.
806 1963 969 2001 Rm‘rz.

286 2088 288 2091 ⁴
332 2056 437 2095 Εαιῖ.
460 2058 486 2094 l.
511 2060 574 2097 12.
613 2054 665 2094 Τί
696 2069 723 2093 π
739 2069 782 2093 οι
801 2056 888 2105 οῦμ
902 2052 970 2102 εν]
1005 2050 1148 2090 Possit
1170 2050 1264 2104 quis
1283 2050 1491 2103 suspicari
1508 2053 1546 2093 τί
1560 2056 1684 2094 ποιοῖ-

220 2132 314 2169 μεν,
347 2113 446 2165 quia
472 2111 576 2149 haec
601 2111 685 2147 sint
708 2108 944 2147 dubitantis
973 2118 1014 2146 et
1047 2106 1322 2145 deliberantis
1355 2109 1525 2159 potius,
1560 2122 1680 2163 quam

218 2169 473 2222 simpliciter
510 2169 713 2220 rogantis.
759 2164 885 2219 idque
918 2179 966 2203 eo
996 2164 1155 2203 rectius
1184 2163 1277 2201 fieri
1303 2163 1524 2213 videatur,
1553 2179 1680 2218 quum

219 2225 476 2279 respondeat
500 2224 641 2262 statim
664 2223 881 2262 Socrates:
920 2224 964 2262 Τί
983 2222 1023 2262 δὲ
1041 2217 1131 2260 ἄλλο
1158 2220 1265 2270 (int.
1288 2219 1492 2274 ποιοῖμεν)
1514 2218 1542 2272 ἢ
1562 2222 1682 2274 βαδί-

220 2287 346 2335 ζωμεν
369 2284 486 2331 (non
505 2280 743 2333 βαδίζομεν)
775 2279 838 2318 ἐπὶ
868 2293 901 2318 τ.
936 2280 971 2319 δ.
1033 2276 1096 2314 Ac
1122 2290 1264 2314 revera
1292 2279 1468 2326 ποιῶμεν
1499 2276 1682 2314 scribeu-

221 2339 321 2378 dum
344 2337 584 2389 suspicatur
610 2333 840 2374 Com-icr.ad
856 2334 1030 2386 Asin.p.
1045 2337 1141 2376 238.
1157 2341 1197 2371 et
1219 2331 1462 2384 suppeditat
1485 2346 1574 2370 eam
1596 2335 1680 2371 lec-

219 2396 379 2433 tionem
410 2398 534 2437 3011.
604 2390 900 2431 Nihilominus
939 2399 1087 2428 auctor
1122 2391 1160 2430 τί
1197 2391 1413 2440 ποιοῦμεν,·
1459 2388 1677 2440 scripsisse

218 2450 456 2504 putandus3
490 2447 616 2486 modo
642 2462 693 2486 ne
715 2461 807 2484 cum
830 2445 985 2491 Belino,
1021 2445 1093 2498 qui
1117 2455 1157 2483 et
1182 2444 1270 2496 ipse
1288 2448 1482 2496 ποιοῦμεν
1501 2445 1678 2483 retineri

218 2510 334 2556 vult,
366 2505 520 2544 habeas
541 2504 581 2542 id
609 2518 684 2557 pro
717 2503 878 2540 Futmo
908 2502 1055 2540 Attico
1086 2503 1151 2539 vel
1173 2498 1369 2540 secundo,
1412 2501 1522 2539 ἸΙιηο
1547 2502 1680 2539 Prae—

219 2577 314 2602 sens
347 2573 432 2611 est,
467 2572 509 2600 et
542 2561 651 2598 nihil
679 2557 817 2606 aliud,
852 2567 899 2595 ut
923 2567 963 2597 et
996 2561 1194 2610 pleraque
1225 2569 1367 2593 eorum
1390 2560 1677 2609 exemplorum

220 2617 456 2666 docebunt,
495 2631 601 2669 quae
625 2620 706 2669 jam
726 2614 777 2652 ad
803 2614 1051 2653 firmandum
1083 2621 1121 2651 et
1143 2610 1438 2650 illustrandum
1475 2613 1588 2650 huuc
1610 2612 1675 2650 di—

221 2673 344 2713 cendi
368 2688 522 2712 morem
544 2673 767 2725 proferam.
827 2671 1015 2708 Primum
1036 2683 1127 2707 cum
1148 2666 1343 2720 negativa
1363 2669 1569 2719 particula
1592 2668 1674 2706 uti„

219 2739 289 2769 tur
311 2730 453 2770 Noster
475 2728 722 2768 creberrime
745 2728 782 2768 τί
800 2724 869 2778 οὗ,
901 2729 938 2768 τί
954 2721 1052 2776 οὐκ,
1084 2725 1121 2766 τί
1141 2718 1246 2775 οὐχὶ,
1277 2734 1480 2778 sequente
1500 2723 1673 2764 Indica-
