1781 3174
390 228 1118 266 NECYOMANTIA.
1387 224 1454 272 17

50 331 224 387 εἴπόμην
251 327 294 375 δ’
325 328 400 386 ἕγῶ
434 326 606 374 κατόπιν
637 328 827 385 ἐχόμενος
855 328 1005 384 αὐτοῦ,
1046 332 1122 382 ἕως
1142 327 1247 390 πρός
1272 339 1445 390 λειμῶνα
1454 357 1586 396 Ρ.4.7ι.

48 403 234 459 μέγιστον
256 398 554 454 ἀφικνούμεθα,
584 404 642 457 τῷ
659 397 872 455 οῗσφοδέλῳ
894 398 1142 454 κατάφυτον.
1203 405 1306 446 ἔνθα
1327 404 1377 459 δὴ
1401 405 1438 462 t)

47 470 320 526 περιεπέτοντο
340 465 449 523 ἡμᾶς
465 475 682 525 τετριγυῖαι
703 474 782 510 τῶν
799 473 955 524 νεκρῶν
976 474 1021 513 αῖ
1037 472 1157 513 σκιαί.
1188 470 1273 514 κατ’
1299 471 1437 530 ὀλίγον

47 536 89 579 δὲ
106 533 316 591 προϊόντες
336 536 644 594 παρεγενόμεθα
664 535 768 591 πρὸς
785 535 828 579 vd
851 542 924 579 τοῦ
940 542 1066 582 Μίνω
1078 541 1124 590 ¹²)
1156 540 1433 597 δικαστήριον·

44 602 228 661 ἐτύγχανε
248 605 290 648 δὲ
310 602 332 648 ὅ
351 608 422 661 μὲν
445 609 510 649 ἐπὶ
535 605 694 663 θρόνου
722 604 833 654 τινὸς
862 603 1028 660 ὑψηλοῦ
1046 604 1300 661 καθήμενος·
1329 627 1432 666 παρ-

45 672 354 728 ειστήκεσανχ)
383 677 426 718 δὲ
457 674 568 733 αύτῷ
597 676 770 722 Ποιναὶ,
802 675 870 716 καὶ
901 671 1140 731 ἀλάστορες,
1173 678 1242 718 καὶ
1274 674 1431 732 Ἐριν-

41 740 146 792 νύες.
176 744 375 797 ἑτέρωθεν
391 745 439 797 y)
471 746 513 787 δὲ
535 743 787 799 προςήγοντο
809 746 952 786 πολλοί
979 761 1082 793 τινες
1110 746 1257 799 ἐφεξῆς
1289 744 1428 790 ἆλύσει

39 815 174 870 μακρᾷ
197 814 400 866 δεδεμένοι
414 825 423 833 ·
452 814 634 868 ἐλέγοντο
656 812 698 854 δὲ
719 810 821 854 εἶναι
851 813 1000 865 μοιχοὶ,
1033 814 1102 854 καὶ
1119 817 1423 868 πορνοβοσκοὶ,

37 882 104 924 καὶ
127 885 318 932 τελῶναι,
349 882 418 924 καὶ
449 880 639 932 κόλακες,
668 882 736 922 καὶ
763 880 1044 933 συκοφάνται,
1088 883 1155 923 καὶ
1178 887 1424 937 τοιοῦτοςῑ)

1089 951 1211 1005 χωρὶς
1241 950 1284 993 δὲ
1314 954 1357 993 02‘
1386 968 1566 1004 ‘rep-472.

1015 1014 1159 1072 ὠχροὶ,

34 1084 237 1143 γάστορες,
269 1087 337 1128 καὶ
356 1086 572 1140 ποδαγροὶ,
602 1083 741 1129 κλοιὸν
760 1086 927 1132 ἕκαστος
947 1080 1088 1136 αὖτῶν,
1121 1088 1189 1128 καὶ
1209 1085 1422 1144 κόρακα“)

38 947 176 1004 ὅμιλος
215 955 297 992 ταῖν
341 947 473 991 πάντα
514 948 733 991 κυκώντων
765 950 809 990 ἐν
839 952 896 999 τῷ
926 951 1014 1005 βίῳ.

35 1017 246 1071 πλούσιοι,
304 1019 374 1060 καὶ
413 1015 659 1072 τοκογλύφοι
703 1015 952 1074 προςῄεσαν,
1219 1020 1287 1061 καὶ
1323 1037 1424 1074 προ-

32 1151 269 1202 διτάλαντον
296 1156 556 1208 ἐπικείμενος.
587 1156 802 1207 ἐφεστῶτες
833 1146 909 1195 οὖν
938 1149 1056 1206 ’ἡμεῖς
1087 1155 1271 1208 ἑωρῶμέν
1303 1173 1343 1198 τε
1372 1159 1421 1199 τοὶ

31 1220 269 1278 γιγνόμενα,
299 1223 367 1265 καὶ
384 1217 589 1275 ἠκούομεν
608 1227 689 1264 τῶν
711 1220 1068 1277 ἀπολογουμένων.
1098 1222 1352 1281 κατηγόρουν
1378 1226 1422 1270 δὲ

30 1287 166 1333 αὐταῖν
185 1293 322 1333 καινοί
340 1306 446 1339 τινες
465 1291 532 1332 καὶ
563 1288 788 1345 παράδοξοι
810 1287 993 1346 ῥήτορες.

77 1391 120 1437 t)
143 1389 228 1438 δή]
255 1391 296 1428 δὲ
317 1388 404 1438 Ᾰτξς.
460 1395 511 1438 u)
537 1393 623 1429 τοῦ
647 1393 811 1434 Μίνω]
845 1393 969 1427 forma
998 1394 1138 1429 Attica.
1189 1395 1272 1430 Vid.
1293 1398 1419 1430 M'az't-

120 1442 214 1483 taire
245 1441 290 1473 de
317 1440 486 1475 dialeett.
507 1452 545 1485 p.
569 1452 622 1484 ¹9·
645 1446 680 1473 et
700 1451 779 1485 570.
800 1441 946 1484 Fragm.
965 1441 1093 1474 Lexici
1113 1442 1238 1486 graeci
1268 1442 1306 1475 in
1329 1446 1420 1476 Her—

119 1488 242 1518 manni
266 1486 364 1519 libro
392 1487 436 1519 de
463 1486 696 1519 emendanda
726 1485 871 1519 ratione
893 1487 959 1519 Gr.
981 1487 1150 1521 Gramm.
1168 1489 1208 1523 P.
1228 1489 1257 1523 Ι.
1278 1500 1315 1533 p.
1334 1501 1417 1533 55¹·

118 1532 341 1566 Lectionem
359 1533 476 1566 trium
496 1533 603 1568 codd.
626 1533 758 1565 Pariss.
776 1533 934 1572 Mcvcoog
954 1544 1032 1566 non
1060 1533 1236 1579 debebat,
1265 1535 1417 1579 opinor,

118 1579 361 1611 Schmiederus
377 1579 805 1624 recipere‚quantumvis
823 1579 981 1612 auectus
1003 1579 1094 1613 locis
1105 1583 1253 1613 Luc-ian.
1275 1582 1415 1616 Anach,

124 1635 159 1659 c.
176 1636 232 1669 39,
261 1632 297 1657 et
327 1625 492 1669 Philops.
515 1638 547 1661 c.
572 1637 625 1659 20.
691 1627 734 1668 x)
760 1623 1178 1670 παρειστήκεσαν]
1215 1627 1276 1661 Sic
1305 1628 1415 1664 codd.

122 1681 228 1714 2957.
257 1677 294 1704 et
313 1682 417 1715 3011.
445 1678 481 1704 et
508 1673 622 1705 *St-hm.
669 1672 777 1716 Vulg.
805 1670 1116 1717 παρειστήκεισαν.
1165 1673 1287 1717 Supra
1313 1685 1345 1708 c.
1380 1680 1417 1713 8.

123 1717 238 1761 vulgo
265 1714 573 1763 κατεληλύθεσαν.
633 1720 681 1763 y)
717 1717 978 1762 ἑτέρωθεν]
1013 1718 1171 1763 ἑτέρωθι
1195 1725 1270 1753 tres
1303 1720 1416 1756 codd.

120 1763 255 1797 Pal-iss.
313 1767 352 1808 z)
378 1777 429 1799 το
442 1777 486 1799 ιο
501 1767 582 1799 ivo
599 1766 639 1809 ς]
666 1762 687 1801 ὁ
705 1767 890 1808 τοιοῦτος,
915 1766 1078 1810 praefixo
1098 1766 1276 1808 articulo,
1305 1766 1414 1802 codd.

122 1816 222 1852 1428.
243 1815 282 1843 et
302 1821 405 1854 5011.
418 1838 427 1854 ‚
454 1823 546 1856 quos
565 1812 841 1846 inconsiderate
857 1818 1006 1845 secutus
1025 1812 1139 1845 Schm.
1197 1813 1245 1855 a)
1272 1825 1294 1847 κ
1307 1810 1358 1858 ὀρ
1371 1825 1417 1848 οι-

119 1862 200 1896 κοι]
227 1854 391 1892 σκύλακα
410 1859 508 1901 conj,
525 1860 662 1891 Hem-st.
711 1858 782 1893 Sed
798 1858 872 1891 vid.
894 1857 1019 1892 adnot.

27 1929 221 1983 praeibat
233 1931 281 1970 M
290 1931 690 1979 ithrobarzanes,se-

29 1985 187 2040 quebar
203 2000 284 2039 ego
304 2002 418 2039 pone
436 1989 501 2026 illi
529 1987 693 2027 adhae-

30 2055 152 2091 teus,
193 2041 330 2081 donec
351 2043 404 2081 ad
428 2053 594 2096 pratum
621 2045 692 2082 in—

33 2111 136 2152 gens
157 2100 429 2151 pervenimus
455 2099 691 2153 asphodelo

31 2154 274 2195 consitum:
302 2154 363 2194 ibi
386 2166 476 2195 tum
507 2158 694 2195 circum-

32 2211 276 2250 volitabant
348 2227 427 2252 nos
486 2213 693 2254 stridulae

30 2276 298 2308 mortuorum
340 2269 527 2308 umbrae.
589 2270 694 2308 Sen-

32 2323 111 2362 sim
133 2335 272 2363 autem
292 2328 504 2380 progressi
518 2327 693 2366 accessi-

32 2394 126 2418 mus
166 2380 216 2419 ad
267 2382 436 2421 Nlinois
479 2383 690 2433 tribunal,

32 2436 293 2491 quiquidem
317 2439 360 2477 in
375 2440 486 2478 solio
507 2440 693 2491 quodam

35 2492 208 2532 sublimi
243 2494 438 2536 sedebat:
471 2495 695 2535 adstabant

37 2559 176 2588 autem
210 2550 293 2603 ipsi
332 2553 525 2604 Poenae,
564 2555 695 2592 scele-

34 2619 128 2644 rum
149 2606 341 2647 vindices
361 2610 502 2659 genii,
535 2619 577 2648 et
611 2610 696 2647 Fu-

34 2662 138 2701 riae.
170 2662 237 2700 Ab
257 2665 336 2702 alia
366 2679 463 2704 vero
484 2675 601 2718 parte
624 2664 694 2703 ad·

34 2716 300 2758 ducebantur
322 2721 472 2760 ordine
497 2723 695 2760 multisa-

33 2787 88 2814 ne
106 2777 235 2829 longa
258 2786 405 2816 catena
425 2778 588 2828 vincti,
618 2777 697 2833 qui

79 2843 229 2876 Luc-ian.
256 2843 338 2877 Vol.
358 2845 426 2878 III.

751 1931 995 1971 dicerentur
1016 1946 1106 1973 esse
1126 1931 1324 1979 adulteri,
1356 1936 1416 1974 le-

749 2002 906 2039 nones,
939 1988 1184 2041 publicani‚
1218 1989 1416 2029 adulato-

750 2059 838 2094 res,
881 2044 1199 2097 sycophantae,
1233 2047 1417 2100 talisque

748 2101 874 2140 turba
896 2101 1120 2141 hominum
1142 2112 1297 2141 cuncta
1322 2116 1418 2155 per-

751 2158 1020 2198 miscentium
1043 2158 1088 2196 in
1117 2159 1222 2200 vita.
1283 2158 1418 2197 Seor-

752 2214 831 2252 sim
852 2229 979 2267 porro
993 2214 1148 2254 divites
1162 2213 1417 2268 sordidique

751 2271 1041 2310 foeneratores
1054 2271 1313 2309 accedebant
1324 2273 1415 2323 pal·

750 2326 854 2378 lidi,
896 2337 1044 2365 ventre
1077 2327 1294 2379 projecto,
1337 2341 1416 2380 po·

753 2382 879 2438 dogm
907 2383 1043 2436 cami,
1061 2382 1218 2428 „boiam
1251 2382 1415 2437 singuli

753 2454 986 2492 canemque
1006 2444 1318 2494 (cervumque),
1338 2438 1416 2493 qui

751 2496 854 2535 bina
874 2500 1031 2535 talenta
1062 2495 1244 2550 pendat,
1278 2497 1416 2549 impo-

752 2553 880 2591 situm
906 2554 1104 2592 ferentes.
1163 2553 1255 2592 Nos
1281 2552 1416 2606 igitur

753 2624 887 2663 prope
927 2618 1088 2649 stantes
1141 2608 1413 2657 videbamus,

754 2680 862 2718 quae
899 2665 1072 2716 fierent,
1117 2664 1416 2704 audiebamus-

755 2736 837 2774 que
858 2736 1045 2761 caussam
1076 2736 1192 2760 suam
1215 2729 1414 2774 agentes,

753 2778 854 2818 dum
900 2777 1154 2819 adcusarent
1194 2790 1268 2817 eos
1308 2775 1417 2817 novi

1103 2835 1139 2874 Β
