1781 3174
558 177 638 209 IN
709 177 1196 214 cuanoNEM.
1494 174 1607 226 ⁷419

262 276 362 320 Ead.
384 279 412 318 1.
432 278 472 322 5.
507 272 576 325 Ἐς
602 273 678 328 τὴν
707 279 918 331 παροῦσαν
949 273 1048 330 ἦμ.)
1078 277 1244 326 Miror,
1287 278 1345 319 ita
1384 282 1605 336 scripsisse

147 335 383 375 Lucianum.
415 336 584 374 SOLAN.
640 331 788 371 Fidem
825 333 1117 374 distinctionis
1146 336 1313 374 cunctis
1347 336 1442 379 edd.
1475 331 1606 382 nixae

149 394 270 445 δεῦρο
292 388 540 442 ἀνελήλυθας
563 391 619 438 εἷς
634 387 707 442 τήν
726 393 939 443 παροῦσαν
954 387 1126 444 ἦμέραν,
1159 391 1409 444 interpretes
1441 396 1603 437 violare

144 447 348 500 religioni
371 446 607 496 duxerunt,
639 455 875 497 vertentes,
907 449 949 486 in
972 448 1076 489 hanc
1096 449 1220 488 lucem
1240 449 1472 492 ascendisti.-
1502 467 1605 506 qua,

142 504 181 541 si
205 504 314 542 idem
337 502 409 541 hic
432 502 659 552 diceretur,
693 501 806 556 quod
826 506 955 556 paulo
973 514 1092 557 post,
1129 501 1356 558 ἀνελήλυθα
1373 507 1412 555 ἐς
1431 505 1474 550 τό
1498 515 1603 562 φῶς.

141 560 238 614 Ego
264 558 426 612 'junctis
449 560 490 606 ἐς
520 556 592 610 τὴν
613 562 824 613 παροῦσαν
846 557 999 612 ἡμέραν
1025 558 1075 602 οὗ
1096 559 1204 603 πάνυ
1223 561 1377 611 εἰωθώς
1396 574 1474 606 etc.
1507 579 1602 606 eum

140 615 189 653 irr
218 614 385 654 modum
414 614 575 653 rationi
611 615 783 668 linguae
813 615 997 655 Graecae
1026 618 1284 657 satisfecisse
1304 633 1369 658 me
1391 630 1522 672 puto,
1553 632 1603 662 ut

137 673 252 709 nulla
272 670 451 723 amplius
473 670 656 722 supersit
681 685 826 723 causa,
859 687 934 711 cur
953 673 1130 713 miretur
1155 674 1351 726 solanus,
1384 675 1444 715 ita
1464 677 1602 733 scrip-

135 727 238 765 sisse
255 727 494 766 Lucianum.
526 727 706 766 HEMST.
1475 754 1479 758 ,

247 783 349 836 Pag.
370 787 439 827 34.
461 786 490 822 1.
514 787 552 827 5.
585 779 637 824 ‘O
663 784 769 825 Θὲττ.
789 785 844 826 ἐκ.
863 785 1098 834 νεανίσκος)
1125 785 1406 838 Protesilaus,
1442 788 1493 829 de
1514 805 1599 845 quo

134 852 260 892 supra
283 840 327 877 in
352 844 571 893 Νεκρικοῖς
586 839 805 879 Lucianus.
835 841 980 882 Bnon.
1041 842 1257 895 Intelligit
1289 844 1597 898 Protesilaum,

134 899 255 948 cujus
301 895 518 950 dialogum
555 895 653 934 vide
691 911 785 934 cum
816 898 1001 936 Plutone
1044 907 1086 938 et
1129 899 1397 951 Proserpina.
1459 902 1600 944 CLEn.

112 951 405 990 Protesilaus.
440 976 442 978 v
467 950 577 991 Vide
603 965 729 1004 supra
748 953 882 993 Diall.
906 955 1060 993 Mortt.
1082 954 1251 994 XXIII.
1283 955 1454 996 Sosin.

242 1007 345 1047 Ead.
367 1011 397 1052 1.
424 1013 462 1052 6.
495 1007 762 1060 Λειπὸνεως)
792 1009 844 1047 In
874 1009 1026 1048 bonam
1050 1020 1210 1063 partem
1239 1011 1475 1064 accipitur,
1509 1014 1597 1054 im·-

128 1072 297 1118 petrato
330 1073 591 1104 commeatu:
643 1065 808 1118 alioqui
851 1066 1008 1104 crimen
1046 1076 1134 1105 erat
1165 1065 1356 1109 λειπόνεω
1390 1071 1597 1124 γίνεσθαι,

131 1119 248 1172 quod
291 1121 461 1160 actione
497 1123 780 1163 λειποναυτίου
817 1122 1200 1175 persequebantur:
1247 1122 1352 1166 Poll.
1387 1124 1472 1175 VI,
1503 1131 1597 1173 154.

126 1175 203 1213 ubi
227 1175 333 1215 Cod.
360 1177 447 1214 Pal.
489 1180 770 1219 λιποναυτίου·
811 1177 943 1223 VIII,
975 1182 1044 1221 42.
1067 1177 1241 1232 Hesych.
1303 1177 1599 1235 Amrivswg‚›5

111 1229 202 1285 ’τὴν
222 1237 326 1273 ναῦν
348 1229 645 1282 ἀπολελοιπώς·
677 1234 736 1271 ita
759 1234 999 1283 Herculem,
1030 1233 1128 1288 qui,
1162 1244 1209 1272 ut
1229 1235 1428 1275 amissum
1441 1239 1593 1292 ⁴Hylan

126 1288 427 1342 investigaret,
478 1291 594 1342 Argo
635 1290 778 1327 navim
807 1288 1035 1342 sociosque
1074 1288 1338 1342 deseruerat,
1377 1314 1433 1324 —
1467 1294 1598 1348 ἥρωες

125 1342 356 1398 ἒκὲρτᾶμεον
380 1346 624 1387 λιποναύταν
645 1345 839 1385 Theocrit.
864 1344 962 1385 Eid.
984 1345 1118 1393 XIII,
1149 1350 1217 1390 78.
1250 1346 1435 1392 ΗΕΜεΤ.

239 1400 341 1443 Eud,
364 1404 392 1439 1.
414 1407 454 1445 7.
489 1398 751 1456 Ξεναγήσεις)
790 1402 996 1440 Meminit
1022 1402 1278 1455 Dffosclzopul.
1305 1399 1412 1446 Ἐκλ.
1437 1400 1494 1448 Ἀ,
1528 1404 1591 1451 Ὀ,

125 1456 173 1496 in
199 1456 444 1511 Ξενάγησον.
503 1459 730 1497 Deductus
748 1457 799 1496 ad
824 1456 1052 1511 limpidum
1081 1459 1200 1497 Ilissi
1236 1456 1418 1512 flumen,
1453 1462 1592 1503 illam·

122 1526 205 1566 que
221 1512 512 1554 nobilissimae
533 1514 693 1568 platani
712 1514 903 1552 umbram
921 1514 1127 1564 Socrates,
1160 1514 1302 1568 ἄριστα
1318 1518 1392 1569 σοὶ,
1429 1518 1590 1573 inquit,

118 1567 371 1624 ἔξενάγηται,
403 1565 435 1612 ὦ
467 1575 558 1623 φίλε
593 1573 764 1625 Φαῖδρε·
795 1580 883 1609 tum
911 1570 1154 1620 Phaedrus:
1185 1570 1248 1612 Σῦ
1272 1573 1315 1614 δέ
1333 1590 1398 1627 γε,
1432 1569 1466 1616 αἶ
1485 1582 1591 1619 θαυ-

119 1625 257 1680 μάσιε,
301 1625 556 1676 ἆτοπώτατός
576 1644 637 1676 τις
666 1629 816 1684 φαίνῃ·
846 1624 1016 1681 ἀτεχνῶς
1042 1625 1138 1681 γὰρ,
1174 1625 1198 1668 ὃ
1220 1628 1365 1682 λέγεις,
1397 1633 1591 1688 ξεναγου-

117 1683 223 1739 μένῳ
245 1700 323 1724 τινι
358 1686 424 1725 καὶ
455 1682 529 1726 οὐκ
560 1686 755 1740 ἐπιχωρίῳ
780 1685 922 1731 ἔοικας.
983 1683 1103 1722 Plato
1123 1682 1299 1726 Phaedr.
1320 1699 1364 1738 Ρ.
1388 1691 1510 1731 1211.
1532 1690 1583 1730 Ε.

114 1739 301 1780 HEMST.
364 1740 432 1779 Cf.
457 1741 592 1778 Dian.
617 1742 770 1779 Mortt.
794 1740 960 1781 XVIII.
984 1738 1040 1780 in.
1070 1740 1231 1780 me.

229 1795 332 1835 Ead.
352 1798 381 1834 1.
404 1801 468 1838 11.
510 1801 575 1852 Τῷ
593 1795 677 1837 ἅνω
706 1796 805 1847 Διῒ)
846 1794 984 1848 Quia,
1026 1804 1073 1832 ut
1098 1807 1225 1846 supra
1255 1794 1393 1837 visum
1421 1808 1512 1853 est,
1541 1813 1585 1843 et

113 1849 268 1890 inferis
297 1865 398 1890 suus
428 1852 600 1906 Jupiter
638 1861 710 1894 est.
745 1852 914 1891 SOLAN.
979 1851 1117 1890 Dian.
1148 1851 1307 1894 Mortt.
1335 1854 1511 1910 XXIII,
1544 1866 1581 1903 1.

109 1907 266 1947 anvs.
1391 1926 1394 1929 ·

225 1962 328 2003 Εαᾶ.
351 1966 378 2002 l.
404 1968 467 2007 12,
486 1961 619 2007 “Okov
637 1961 862 2018 ὑμέτερον)
894 1975 1057 2003 vestrum
1078 1979 1259 2016 prorsus:
1291 1979 1386 2006 nam
1407 1968 1581 2009 Mercu-

109 2018 223 2070 rius,
259 2019 480 2060 Claudiano
499 2030 626 2071 teste,
661 2039 862 2062 commune
891 2031 945 2060 est
960 2020 1173 2074 profundis
1193 2036 1242 2061 ac
1260 2027 1407 2077 superis
1420 2041 1577 2075 numen,

111 2079 242 2130 acjus
257 2092 327 2128 per
348 2076 463 2115 limen
487 2088 690 2133 utrumque
711 2079 818 2118 solus
844 2074 970 2116 habet.
1003 2077 1146 2115 BROD.
1424 2090 1428 2109 ἱ

223 2132 324 2171 Eacl.
344 2135 370 2174 Ῑ.
393 2138 457 2176 14.
486 2129 611 2190 Ῥίψῃ
632 2133 734 2192 κᾷμὲ
748 2132 945 2190 τεταγώς)
978 2133 1141 2172 Homer.
1165 2133 1215 2173 Il.
1234 2139 1280 2176 Β.
1307 2134 1452 2175 BROD.
1482 2137 1575 2178 Imo

109 2188 162 2229 Il.
188 2193 250 2238 A,
271 2192 369 2232 590.
400 2190 559 2228 me,

223 2245 328 2286 Ibid.
360 2243 495 2301 Κςὲμὲ)
526 2246 593 2285 An
611 2248 756 2302 χαμαίς
787 2247 963 2288 Οσγετ.
1022 2245 1222 2286 Minime.
1255 2245 1439 2301 Vulgata
1452 2263 1571 2290 sanc·

106 2308 151 2341 te
174 2301 364 2344 colenda.
397 2304 553 2342 mer.
1439 2336 1441 2340 Α

219 2357 323 2398 Ibid.
363 2357 574 2414 Tsrocyoiv)
606 2360 676 2398 Sic
702 2369 812 2400 recte
848 2374 899 2399 ex
921 2359 1097 2399 Homero
1127 2357 1221 2411 ipso
1252 2359 1522 2401 emendatum
1545 2377 1570 2401 a

107 2412 319 2453 Benedicto
351 2425 432 2455 est:
477 2416 521 2454 in
553 2417 728 2469 reliquis
771 2416 882 2455 enim
919 2416 1137 2469 legebatur
1167 2414 1346 2468 τεταγώς.
1399 2417 1568 2458 SoLAn.

107 2468 280 2523 Reliqui
299 2469 488 2526 τεταγῶς,
523 2474 723 2526 quoniam
757 2483 838 2512 vet.
864 2472 1061 2512 lectionis
1083 2469 1287 2509 indicium
1318 2471 1566 2513 videbatur:

108 2534 220 2563 certe
240 2524 404 2581 τεταγώς
420 2529 693 2582 participium
707 2529 907 2581 proniore
932 2543 1054 2566 cursu
1070 2536 1211 2565 manat
1232 2541 1251 2564 a
1275 2529 1425 2582 τέταγα,
1442 2544 1565 2583 quam

110 2594 309 2632 operosus
337 2584 409 2623 ille
431 2585 810 2624 Grammaticorum
833 2584 1029 2623 Aoristus
1058 2589 1097 2626 2.
1132 2581 1303 2637 τεταγών
1326 2584 1374 2622 ab
1391 2586 1535 2640 ἕταγον
1553 2599 1562 2607 ·

105 2635 204 2675 ideo
228 2637 334 2676 mihi
353 2653 554 2694 perquam
577 2641 808 2681 verisimile
836 2641 893 2678 sit
909 2671 919 2689 ,
953 2640 1202 2692 scripturam
1226 2649 1308 2679 tam
1332 2641 1498 2680 facilem
1519 2642 1561 2679 in

104 2691 354 2732 membranis
374 2696 626 2750 quibusdam
650 2697 840 2751 antiquis
863 2697 1088 2736 exstitisse.
1119 2695 1302 2790 Igngsr.
1360 2697 1462 2737 Non
1490 2696 1563 2736 du-

1263 2757 1290 2796 2
