1781 3174
589 227 665 260 ῙΝ
735 223 1234 260 PrscA‘ronEm.
1549 223 1651 276 579

284 328 388 370 Εαᾶ.
409 330 437 368 l.
464 331 530 372 11.
550 323 670 381 Ι’Ὀπη
691 323 813 380 ποτὲ)
843 324 915 367 Sic
934 324 1046 365 Edd.
1067 324 1141 366 sed
1161 327 1207 370 P.
1231 337 1274 369 et
1295 329 1346 370 L.
1373 334 1530 376 rectius
1554 336 1654 383 ὅποι

171 384 270 430 τότε.
301 388 468 426 SOLAN.
539 383 637 426 Τότε
661 383 834 438 quidem
856 382 969 421 nihil
989 382 1131 434 habet,
1164 399 1249 439 quo
1273 399 1485 439 praestare
1503 393 1653 436 videa-

170 454 242 484 tur
277 444 375 483 voci
410 444 621 496 vulgatae.
684 439 766 480 Sed
801 436 916 488 ὅποι,
961 440 1076 494 quod
1112 451 1278 493 praeter
1300 444 1346 482 P·
1379 455 1420 485 et
1442 448 1494 490 L.
1518 451 1648 492 etiam

168 500 255 540 duo
288 499 547 538 Parisienses
578 495 715 537 Codd.
752 495 979 546 exhibent,
1019 495 1180 536 dudum
1209 509 1298 538 erat
1326 501 1647 556 recipiendum:

165 566 208 596 et
232 556 416 606 recepit,
447 564 651 593 monente
672 553 840 599 Belino,
873 553 1168 602 Schmiederus,
1201 555 1401 607 probavit
1430 561 1558 602 etiam
1592 566 1641 607 Τ.

162 613 207 654 F.
229 611 479 651 Benedictus.
535 612 712 651 leomae
727 611 792 650 Μ.
819 620 1113 663 praeceptum:
1141 608 1308 663 ”Ὀπου,
1340 615 1409 656 καὶ
1438 614 1541 673 ὅπη,
1576 620 1644 665 διὰ

161 674 239 711 τοῦ
256 668 306 722 νή,
338 670 401 710 ἐπὶ
427 665 602 716 στάσεως
623 671 787 709 τίθεται.
834 664 991 711 “Onon
1026 665 1092 709 διὰ
1118 671 1194 709 τοῦ
1224 666 1245 711 ό
1277 670 1343 712 καὶ
1366 673 1402 721 ί,
1435 674 1497 716 ἐπὶ
1529 678 1641 731 κινή-

162 741 281 777 σεως,
314 725 443 764 etiam
468 739 486 762 a
508 725 655 764 Nostro
679 723 778 762 satis
796 721 1026 777 diligenter
1047 723 1342 778 observatum3
1374 738 1421 768 ut
1442 731 1486 769 in
1507 733 1641 775 simil.

159 783 275 821 limis
307 782 401 820 istis
436 780 571 820 Dian.
603 782 803 819 Meretrr.
831 779 915 829 IX,
942 789 1046 818 extr.
1081 776 1136 827 οἷς
1164 783 1263 834 μηδὲ
1304 781 1400 826 ὅποι
1429 789 1636 844 οἴχοισθε,

155 841 280 894 ἔχοιτε
299 840 456 880 εἰδέναι.
490 837 587 877 vid.
614 836 782 878 Conrier.
804 835 855 874 acl
875 837 996 875 Asin.
1020 850 1059 889 p.
1081 842 1175 880 207.
1207 839 1364 879 me.

267 928 371 973 Eacl,
393 931 419 971 l.
442 933 509 971 12.
550 925 775 983 Πτερόεντα
803 925 902 978 ἔπη)
935 926 1003 965 Ex
1037 926 1240 975 Homero,
1273 933 1396 984 cujus
1428 934 1632 987 copiosus

149 987 360 1039 interpres
383 984 546 1038 Apulej.
565 984 640 1023 lib.
664 991 704 1028 2.
726 982 886 1023 Florid.
911 983 1089 1024 Bonan.
1128 981 1262 1027 ''Ensoe
1280 985 1496 1040 πτερόεντα
1516 993 1633 1046 apud

150 1044 370 1084 Homerum
411 1052 494 1080 tam
528 1042 777 1095 frequenter
806 1040 1018 1088 occurrit,
1068 1049 1116 1079 ut
1149 1053 1237 1080 non
1270 1057 1378 1095 opus
1409 1045 1465 1085 sit
1494 1051 1630 1090 ullum

150 1102 386 1152 exemplum
411 1097 587 1137 adferre.
648 1097 784 1137 Verba
807 1106 945 1135 autem
974 1095 1060 1134 dici
1087 1096 1225 1148 alata,
1263 1099 1379 1151 quod
1404 1102 1490 1142 cito
1519 1118 1629 1145 avo-

146 1159 264 1205 lent,
296 1156 469 1194 Lucz'cm.
500 1154 655 1193 iterum
680 1153 812 1192 tradit
841 1154 911 1193 De
940 1153 1087 1193 Domo
1109 1167 1200 1207 cap.
1228 1160 1296 1199 20.
1318 1170 1366 1196 ac
1388 1157 1552 1215 Diclym.
1572 1162 1627 1203 ad

145 1213 272 1254 Hom.
294 1213 346 1251 Il.
370 1217 434 1258 A,
453 1215 549 1255 201.

638 1290 694 1296 -
723 1267 817 1308 ἔπεα
840 1262 1052 1318 πτερόεντα
1077 1265 1312 1320 προςηύδα,

145 1326 230 1376 ait,
264 1323 410 1379 λόγους
437 1329 583 1377 ταχεῖς.
622 1322 746 1377 λόγου
776 1319 854 1378 γάρ
885 1322 1005 1364 οὐδὲν
1032 1322 1254 1378 ταχύτερον.
1313 1324 1496 1369 Eustatk.
1517 1343 1618 1371 vero

141 1382 192 1422 ad
219 1383 343 1423 eund.
366 1396 472 1421 vers,
497 1395 594 1436 pag.
617 1396 671 1420 m.
693 1385 761 1423 64.
785 1395 838 1418 m.
861 1377 959 1420 ε’Ὀτι
989 1376 1222 1433 πτερόεντες
1251 1382 1294 1422 οἱ
1315 1379 1450 1437 λόγοι,
1483 1383 1549 1427 διὰ
1574 1386 1618 1431 τὸ

140 1437 260 1492 ταχύ,
291 1440 357 1480 καὶ
386 1437 451 1479 dac}
484 1435 555 1490 τὴν
583 1439 625 1479 ἐν
656 1433 793 1485 αὐτοῖς
822 1434 1022 1489 ἆρμονίαν
1044 1438 1111 1478 καὶ
1143 1433 1428 1487 εὗσυνθεσίαν,
1458 1444 1524 1484 καὶ
1557 1441 1618 1485 ὅτι

138 1497 325 1550 τέμνουσι
348 1492 419 1537 τὸν
444 1491 541 1547 οἶέρα
559 1491 657 1535 κατὰ
676 1493 720 1536 τὸ
742 1491 901 1546 πτερόν.
947 1491 1078 1542 ’Ἴσως
1107 1494 1148 1535 δὲ
1168 1495 1237 1536 καὶ
1258 1495 1317 1536 ὅτι
1336 1494 1430 1546 τούς
1452 1502 1618 1553 λογίους

136 1550 342 1605 ὖψοῦντες
360 1554 587 1604 ἐξαίρουσιν
610 1561 688 1592 etc.
723 1564 828 1604 quae
847 1550 907 1588 ibi
929 1550 1056 1601 vide,
1091 1548 1141 1589 de
1161 1551 1237 1589 alis
1261 1551 1478 1604 Sirenum,
1510 1571 1612 1610 quas

135 1611 295 1650 Musae.
327 1624 420 1649 cum
455 1609 540 1647 illis
573 1617 703 1646 cantu
729 1616 936 1647 certantes
968 1606 1023 1646 iis
1058 1606 1275 1659 eripuere,
1309 1609 1611 1664 capitibusque

133 1667 223 1705 suis
248 1676 297 1704 ut
324 1666 533 1705 victoriae
553 1665 722 1718 signum
752 1664 1015 1717 imposuere,
1049 1663 1164 1703 unde
1197 1673 1324 1717 putat
1349 1666 1466 1706 verba
1495 1668 1611 1708 alata

128 1723 306 1763 Homero
338 1721 438 1762 dici.
480 1722 645 1761 Puzrrz.

243 1803 341 1854 Pog.
367 1805 460 1844 169.
484 1803 513 1840 1.
535 1804 573 1843 4.
601 1794 934 1853 Ἐξαλήλειπται)
975 1798 1046 1836 Sic
1079 1796 1150 1837 edi
1181 1799 1445 1852 curavimus,
1489 1816 1604 1853 non,

128 1868 177 1897 ut
202 1859 245 1896 in
272 1857 469 1897 omnibus
492 1855 693 1896 mendose
715 1856 933 1905 exstabat,
967 1853 1239 1906 ἐξαλήλιπται,
1272 1857 1386 1911 quod
1408 1868 1452 1898 et
1472 1858 1603 1899 inter-

128 1916 238 1968 preti
259 1914 392 1967 priori
414 1913 556 1952 fraudi
579 1912 689 1962 fuit,
722 1922 765 1952 et
785 1910 1122 1950 animadversum
1148 1927 1169 1950 a
1190 1913 1446 1966 posteriori,
1480 1925 1528 1954 ut
1549 1932 1600 1956 ex

127 1971 466 2024 interpolatione
491 1979 631 2023 patet,
665 1983 752 2008 non
777 1978 915 2007 tamen
938 1967 1203 2007 emendatum
1231 1978 1305 2010 est.
1367 1970 1437 2010 Sic
1459 1981 1597 2013 autem

128 2038 274 2067 noster
301 2028 454 2065 iterum
477 2027 520 2063 in
547 2027 712 2079 Catapl.
738 2040 770 2066 c.
788 2030 854 2068 24.
888 2026 973 2077 ἴχνη
991 2025 1062 2076 μὲν
1083 2026 1149 2065 καὶ
1182 2032 1326 2078 σημεῖα
1350 2031 1430 2067 ταῖν
1459 2029 1599 2083 ἐγκαυ-

127 2082 264 2138 μάτων
286 2080 357 2125 οὐκ
381 2083 469 2124 οἶδα
489 2079 523 2123 δ’
550 2081 659 2130 ὅπως
680 2081 948 2133 ἑξαλήλειπται
969 2086 1119 2133 μᾶλλον
1138 2081 1179 2123 δὲ
1199 2083 1444 2125 ἐκκέκοπται.
1507 2085 1595 2125 Ubi

128 2155 272 2180 omnes
305 2139 495 2192 impressi
531 2149 641 2179 recte
669 2138 842 2177 habent.
887 2138 971 2177 Ox.
1004 2152 1105 2176 vero
1129 2140 1243 2177 solus
1266 2150 1389 2178 errat.
1424 2140 1592 2182 soris.

123 2198 216 2236 Imo
242 2212 339 2236 vero
359 2200 471 2235 solus
505 2195 565 2233 ibi
600 2196 680 2236 Ox.
715 2206 827 2234 recte
855 2194 1026 2247 scripsit
1053 2192 1324 2246 ἐξαλήλιπται,
1357 2195 1467 2236 Edd.
1495 2212 1594 2237 om..

123 2268 196 2292 nes
222 2263 426 2293 errarunt.
468 2253 584 2299 Lex,
620 2266 744 2305 quam
768 2250 1018 2305 praescribit
1038 2251 1166 2305 Etym.
1186 2253 1247 2291 M.
1272 2266 1300 2294 s.
1324 2267 1362 2291 v.
1387 2252 1590 2307 ἐρήρειστο

120 2326 162 2365 p.
186 2316 280 2354 372.
307 2313 373 2354 55.
407 2306 530 2362 ἡνίκα
551 2309 589 2348 ὁὲ
608 2309 685 2361 ἔχει
706 2308 779 2360 τήν
803 2325 833 2348 ει
864 2310 1092 2361 δίφθογγον
1124 2306 1167 2349 τὸ
1197 2309 1328 2359 θέμα,
1360 2306 1389 2360 ἢ
1413 2309 1488 2362 τήν
1523 2329 1588 2363 ευ,

121 2369 165 2410 ἐν
184 2374 267 2414 τοὶς
285 2365 474 2414 Ἀττικοῖς
493 2366 803 2417 παρακειμένοις
826 2360 1089 2417 ἆποβάλλεται
1112 2362 1154 2406 τὸ
1177 2366 1213 2415 ἑ,
1246 2375 1334 2403 tum
1361 2366 1564 2407 formatio
1580 2394 1591 2400 -

119 2422 188 2462 nis
211 2423 361 2462 ordine
385 2438 432 2462 ac
451 2423 618 2461 ratione
639 2424 750 2474 justa
771 2420 946 2468 nititur,
979 2430 1065 2458 tum
1092 2420 1368 2460 confirmatur
1389 2424 1517 2462 etiam
1543 2425 1586 2464 in

119 2479 204 2518 hoc
236 2479 364 2518 verbo
399 2479 658 2533 optimorum
690 2477 945 2530 scriptorum
977 2477 1195 2528 exemplis,
1228 2487 1274 2515 ut
1306 2479 1586 2520 ostenderunt

120 2535 483 2575 commentatores
516 2533 565 2573 ad
591 2533 765 2574 Moerid.
796 2547 889 2586 pag.
912 2538 1002 2576 144-
1033 2532 1154 2573 Pir-rs.
1182 2543 1225 2572 et
1243 2534 1446 2574 Fischer-us
1469 2537 1584 2575 Ani-

115 2590 279 2631 madvv.
300 2591 348 2630 ad
377 2592 530 2631 Weller.
555 2590 650 2630 Vol.
675 2591 732 2631 Π.
756 2604 848 2643 pag.
872 2594 968 2633 309.
1003 2588 1127 2628 Unde
1148 2590 1275 2628 etiam
1296 2592 1580 2631 recentiorum

117 2648 518 2695 Grammaticorum,
557 2647 630 2700 qui
665 2646 942 2685 subtilissime
973 2643 1159 2684 indolem
1192 2647 1365 2700 linguae
1397 2647 1581 2689 Gnaecae

117 2704 396 2755 indagarunt,
427 2714 474 2742 ut
500 2704 763 2742 Burmannus
796 2716 838 2754 p.
862 2706 952 2744 100.
981 2700 1043 2742 ed.
1067 2707 1106 2745 3.
1132 2702 1330 2741 Blattlziae
1359 2718 1399 2756 p.
1425 2709 1515 2748 199.
1541 2715 1582 2744 et

117 2756 364 2801 'Afflictis-<liius
383 2774 423 2815 p.
448 2765 540 2805 110.
575 2760 702 2814 hujus
725 2758 861 2814 ipsius
884 2757 1003 2799 verbi
1023 2758 1202 2799 formam
1223 2756 1398 2814 ἆλήλιφα
1416 2770 1457 2801 et
1481 2757 1581 2813 ἀλή-

1161 2816 1197 2854 O
1220 2830 1244 2853 o
1278 2821 1305 2862 2
