1781 3174
241 189 341 236 426
590 196 1346 231 Annora‘riones

241 307 402 339 notata.
464 296 758 351 Conjunctivo
781 309 882 335 vero
916 295 959 334 in
984 294 1112 348 hujus
1143 296 1310 350 generis
1343 295 1536 335 formulis
1563 298 1705 337 locum

239 370 328 394 non
357 369 468 406 esse,
501 363 544 393 et
576 355 707 406 vulgo
739 351 781 391 h.
812 354 841 392 1.
875 352 1055 404 pessime
1081 353 1169 407 legi
1200 352 1339 410 πάθῃ,
1371 352 1547 392 facilius
1578 353 1704 394 credo

241 411 411 461 Solano,
453 424 574 465 quam
617 407 910 448 Hemsterlzusio
946 407 1025 462 (an
1062 409 1211 461 potius
1246 408 1460 464 Reiizio?)
1503 409 1549 447 in
1581 410 1701 448 Varr-

241 463 382 508 Lectt.
410 478 612 519 uirumque
635 465 800 518 probum
833 463 1008 504 dicenti.
1067 465 1314 505 Notabilem
1333 465 1459 504 etiam
1483 463 1592 505 duco
1616 473 1706 504 tum

241 524 286 564 h.
320 527 373 575 ].,
404 533 492 562 tum
523 522 729 574 Necyom.
760 524 790 560 1.
822 523 878 566 l.,
908 523 1142 574 elegantem
1176 522 1295 560 verbi
1324 519 1538 576 βιάζεσθαι
1569 535 1704 572 usum,

243 594 328 634 quo
359 594 446 618 non
478 577 698 630 physicam
729 576 943 631 significat
974 578 1293 627 necessitatem,
1325 593 1450 631 quam
1481 578 1604 617 alteri
1627 577 1705 615 im-

241 636 468 688 ponimus,
497 633 571 672 sed
601 636 798 673 moralem
829 631 1036 686 quandam
1067 634 1175 683 vim,
1208 647 1289 687 qua
1314 632 1498 673 efficitur
1519 634 1705 688 graviter

241 690 466 738 instando,
499 699 548 728 ut
575 692 679 728 alter
707 688 904 742 precibus
933 689 1102 728 tandem
1127 690 1266 729 victus
1294 693 1363 730 vel
1391 691 1596 743 fatigatus
1618 704 1707 728 mo-

240 763 324 787 rem
357 761 500 800 gerere
539 745 659 800 quasi
697 755 887 799 cogatur.
964 745 1081 784 Alibi
1110 747 1171 784 sic
1200 755 1427 798 usurpatur
1454 743 1704 801 ἀναγκάζειν.

239 804 436 844 Her-odon
469 802 575 853 VII,
612 806 676 845 16.
713 798 1035 856 Ἀρτάβανοςδὲ
1071 798 1118 844 οὗ
1150 802 1204 859 τῷ
1232 802 1375 856 πρώτῳ
1413 805 1456 844 οἵ
1477 800 1707 855 κελεύσματι

239 859 485 913 πειθόμενος
511 882 564 889 -—
595 860 703 907 τέλος
745 857 798 906 ὥς
843 853 1112 912 ἠναγκάζετο,
1157 859 1298 912 (regis
1336 858 1460 912 jussis
1506 858 1705 912 adactus)

242 920 354 965 εἴπας
384 915 497 965 τάδε,
538 916 665 957 ἐποίεε
693 912 737 956 τό
770 912 1044 966 κελευόμενον.
1106 915 1256 954 Mauh.
1290 916 1456 969 Evang.
1486 915 1605 965 XIV,
1634 920 1704 958 22.

240 974 362 1015 Jesus
386 972 547 1011 dicitur
578 970 723 1010 eodem
751 985 874 1010 sensu
907 967 1131 1025 ἀναγκάσαι
1157 969 1253 1019 τούς
1281 969 1466 1024 μαθητάς
1489 968 1614 1012 αὑτοῦ
1634 973 1705 1023 ἒμ-

242 1034 366 1083 βῆναι
386 1031 441 1077 εἷς
465 1027 508 1070 τὸ
540 1033 694 1069 πλοῖον.
756 1028 870 1066 Hinc
899 1028 1107 1066 famosum
1127 1027 1234 1065 illud
1262 1025 1492 1082 ἀνάγκασον
1516 1030 1706 1075 εἶςελθεῖν

237 1087 340 1126 Luc.
372 1087 536 1138 Evang.
560 1084 678 1134 XIV,
702 1089 769 1127 23.
797 1083 923 1122 facile
949 1094 1087 1137 patet,
1123 1083 1339 1136 quomodo
1377 1084 1433 1121 sit
1464 1084 1706 1137 intelligen-

240 1142 353 1181 dum.
411 1142 588 1180 Utinam
623 1154 721 1179 vero
742 1154 905 1192 semper
935 1149 1048 1179 recte
1084 1139 1395 1179 intellexissent
1424 1139 1540 1178 istud
1564 1139 1705 1179 divini

237 1199 369 1252 legati
400 1206 669 1251 praeceptum
696 1199 785 1247 ejus
808 1196 1018 1236 ministri!
1080 1199 1210 1246 Tum,
1246 1195 1395 1242 credo,
1427 1209 1566 1249 neque
1588 1196 1705 1249 cupi·

239 1254 335 1292 dius
361 1255 428 1304 hi,
462 1268 599 1306 neque
620 1253 758 1291 laxius
781 1252 878 1303 alii,
911 1266 1083 1291 munere
1104 1266 1182 1290 suo
1202 1266 1320 1290 sacro
1344 1252 1486 1290 functi
1507 1253 1706 1299 fuissent,

238 1314 308 1349 vel
348 1313 642 1364 fungerentur.
716 1309 899 1362 Egregie
940 1323 1033 1346 cum
1067 1307 1133 1346 his
1171 1309 1421 1360 conspirant
1447 1309 1705 1346 Latinorum

238 1384 393 1420 cogere,
435 1377 483 1405 ut
515 1365 652 1404 Cicer.
685 1363 736 1402 ad
766 1365 912 1403 Famil.
934 1364 986 1413 V,
1022 1369 1070 1414 6,
1101 1370 1163 1414 2.,
1196 1374 1237 1402 et
1277 1373 1468 1402 nostrum
1499 1365 1703 1418 nothigcm

238 1424 283 1462 in
304 1422 506 1463 familiari
531 1420 702 1475 quidem
724 1420 932 1473 loquendi
957 1434 1050 1459 usu.
1089 1421 1248 1459 Lmzm.

349 1507 449 1547 Eud.
472 1510 500 1546 1.
523 1512 561 1551 8.
594 1503 696 1546 Εἶτα
726 1504 789 1557 ἐμὲ
814 1503 883 1556 μὲν
909 1501 1177 1556 κηρύττεσθαι
1208 1501 1366 1556 δεήσει,
1397 1502 1581 1557 καθάπερ
1603 1500 1704 1546 ‹ino-

238 1561 388 1618 δράντα
413 1561 492 1606 ὑπὸ
526 1566 596 1604 τοῦ
624 1559 746 1613 Λιός)
777 1560 942 1598 Insulse
971 1560 1246 1600 Italosellcmns:
1276 1559 1412 1598 deinde
1444 1572 1477 1599 ct
1510 1564 1586 1613 ipsi
1606 1562 1703 1600 mihi

235 1620 458 1670 verendum,
499 1637 545 1659 ne
574 1620 723 1658 interim
754 1628 941 1670 tanquam
978 1617 1228 1672 iransficgam
1257 1616 1407 1669 Jupiter
1435 1634 1494 1654 me
1523 1617 1700 1669 abdice15

236 1678 358 1729 quasi
392 1678 566 1730 legisset
597 1671 958 1725 ἀποκηρύττεσθαι.
1019 1673 1172 1711 Verior
1201 1673 1333 1725 igitur
1360 1673 1619 1725 Benedictus5
1660 1685 1702 1712 et

234 1734 458 1785 adscripsit
481 1742 610 1784 pater,
645 1728 1008 1784 (qzcasifiaegitivnm
1023 1745 1092 1781 per
1109 1744 1337 1781 praeconem
1357 1731 1566 1782 investiget.
1599 1728 1698 1770 Vid.

232 1792 384 1831 ,Ῥεῖν-οη.
401 1789 560 1828 Mose-h.
574 1785 619 1829 ‘A
641 1783 799 1838 Κύπρις
815 1783 1089 1836 τὸν’Έρωτα.)
1111 1788 1250 1822 locum
1264 1784 1434 1823 Petronii
1454 1785 1700 1839 intelligens

235 1862 324 1898 cap=
348 1851 414 1890 58.
448 1846 509 1884 At
538 1861 616 1883 non
645 1858 772 1882 servus
791 1840 973 1894 publicus
1005 1851 1084 1880 tam
1109 1840 1295 1893 languide
1321 1844 1416 1893 egit:
1447 1839 1514 1879 sed
1542 1853 1698 1894 raptam

235 1905 404 1956 cauponi
432 1900 685 1940 harundinem
712 1898 840 1936 &uhter
861 1896 1001 1936 lectum
1027 1900 1168 1945 mittit,
1203 1899 1409 1950 omniaque
1433 1899 1550 1935 eiiam
1563 1898 1701 1954 foy-03...

235 1963 343 1998 mina
370 1960 563 2011 parietum
589 1965 786 1996 scrutatur
817 1962 899 1993 etc.
966 1953 1087 1992 Alter
1119 1957 1239 1992 locus
1269 1962 1332 1991 est
1362 1952 1526 1992 Moschi
1553 1963 1695 1994 notus,

238 2017 380 2056 Gnox.

347 2098 449 2138 Eazl.
471 2101 498 2138 1.
519 2101 559 2140 9.
598 2094 873 2149 Κηρύττεσθαι
892 2096 926 2135 δ.
958 2088 1142 2145 καθάπερ
1166 2087 1423 2147 ἀποδράντα)
1452 2093 1696 2133 Mercurius

234 2155 347 2209 apud
382 2156 607 2194 Lucianum
637 2167 761 2205 saepe
801 2149 1093 2190 conditionem
1128 2149 1318 2188 servilem
1351 2159 1392 2188 et
1428 2151 1620 2203 agnoscit
1654 2160 1697 2189 et

235 2212 509 2264 indignatur:
542 2219 605 2248 est
634 2207 890 2261 aliquando,
917 2216 966 2244 ut
997 2206 1218 2259 praeconis
1242 2205 1537 2244 honoratiores
1557 2215 1695 2258 partes

235 2263 374 2323 gerat3
419 2277 467 2305 ut
495 2267 539 2304 in
570 2265 703 2306 Vitat,
726 2273 835 2302 auct.
893 2262 978 2300 Hic
1010 2263 1124 2314 ipse,
1170 2275 1223 2299 ne
1253 2271 1448 2314 tanquam
1478 2261 1690 2314 fugitivus

233 2325 454 2377 praeconis
474 2321 570 2361 voci
593 2320 867 2374 subjiciatur,
901 2319 1077 2358 metuit:
1110 2331 1201 2355 nam
1223 2317 1258 2355 si
1280 2331 1423 2355 servus
1444 2317 1694 2370 aufugisset,

234 2390 308 2418 aut
330 2395 392 2419 res
412 2392 688 2433 quaecunque
710 2377 790 2415 alia
811 2377 924 2415 foret
942 2374 1104 2423 amissa,
1139 2372 1188 2411 ad
1210 2386 1459 2426 praeconem
1482 2372 1541 2411 ire
1564 2374 1692 2412 moris

235 2446 345 2485 erat,
394 2446 435 2474 et
462 2432 666 2487 μήνυτρον
709 2429 1060 2471 commonstranti
1097 2429 1355 2479 mancipium
1400 2427 1689 2478 reducentive,

232 2495 303 2529 vel
337 2489 551 2530 inventori
591 2488 777 2544 εὕρετρον
808 2486 1102 2540 pronuntiare.
1164 2484 1299 2524 Curius
1328 2484 1531 2524 Fortunat.
1555 2499 1596 2538 p.
1617 2489 1686 2528 49.

236 2547 355 2600 Cujus
384 2563 511 2585 servus
522 2545 714 2600 fugerat,
748 2543 880 2584 libello
903 2543 1103 2597 proposito
1113 2570 1126 2590 ‚
1155 2539 1218 2579 vel
1238 2557 1308 2593 per
1330 2556 1560 2593 praeconem
1580 2557 1688 2580 nun-

235 2606 335 2641 iians
353 2603 479 2650 (lixit,
512 2603 695 2640 daturum
724 2618 763 2639 sc
781 2600 959 2639 (lenm-ios
982 2596 1089 2637 mille
1107 2598 1161 2646 εἰ,
1195 2599 1263 2650 qui
1283 2596 1339 2634 αιῖ
1366 2613 1404 2635 se
1420 2612 1568 2636 servum
1589 2613 1686 2650 per-

234 2659 422 2698 fluxisset.
482 2659 589 2696 Dion
616 2657 748 2712 Chrys.
772 2657 844 2695 Or.
867 2656 965 2695 VII.
984 2669 1025 2707 p-
1057 2658 1149 2696 123.
1173 2653 1231 2692 D.
1267 2648 1429 2695 Οὐκοῦν
1451 2649 1545 2695 οὐδὲ
1562 2649 1685 2705 κήρυ-
1737 2664 1742 2667 ’

233 2732 308 2765 κας
324 2710 482 2765 ὠνίων,
505 2711 597 2756 οὗὸὲ
614 2718 774 2755 κλοπῶν
792 2709 820 2765 ἢ
837 2715 1025 2767 δρασμῶν
1042 2706 1224 2764 μήνυτρα
1242 2710 1504 2766 προτιθέντας
1519 2710 1563 2752 ἐν
1580 2705 1687 2757 ὄὸοΐς
