1781 3174
222 215 323 266 592
582 219 1338 256 'ADNOTA‘rloNEs

223 328 287 369 rei
309 338 460 367 novae.
519 321 708 363 Virtutis
732 334 937 374 personae
955 323 1076 360 locus
1099 319 1171 360 hic
1191 323 1350 363 nullus.
1407 321 1534 362 Patet
1549 330 1686 362 autem

224 386 351 424 etiam
375 389 579 435 sequente
599 392 699 417 mox
719 377 1390 432 interrogationePhilosophiae,
1413 381 1452 421 τί
1466 377 1588 421 ταῦτα
1606 388 1687 418 etc.

223 443 435 481 MARC1L.
494 437 703 489 Argutum
728 443 813 483 est,
847 433 960 488 quod
983 433 1055 472 hic
1078 434 1185 473 facit
1205 434 1449 487 Lucienus,
1481 435 1573 476 sive
1592 436 1687 473 Par-

223 496 465 541 1·hesiades;
508 492 708 531 nimirum
737 491 782 528 in
812 491 943 528 muris
971 489 1120 529 sedens
1152 494 1244 529 vult
1275 491 1519 532 funiculum
1547 492 1686 540 hamo,

223 568 318 594 esca
345 565 465 590 aurea
489 550 722 597 instructo,
755 556 958 585 armatum
984 547 1028 585 in
1058 545 1201 586 urbem
1227 546 1470 600 demittere,
1502 558 1551 587 ut
1571 550 1690 587 velut

223 610 457 664 pisciculos
477 605 724 644 adnatantes
745 612 886 656 captet
905 601 1204 655 philosophos.
1236 604 1354 643 Haec
1374 619 1486 643 arma
1504 603 1689 644 Parrhe-

225 665 368 704 siadae
398 663 542 702 onmia
577 659 817 711 commodat
848 658 1054 700 Sacerdos
1083 659 1128 697 in
1155 659 1375 713 Acropoli.
1435 662 1526 703 Jam
1563 668 1689 714 rogat

223 719 527 772 Philosophia,
568 720 621 758 Τί
647 715 832 771 πράττειν
861 712 963 770 ἀνὴρ
995 718 1230 766 διανοεῖται,·
1263 717 1392 771 Παρῤ.
1426 716 1612 766 δελεάσας
1639 712 1681 757 τὸ

223 777 438 832 ἄγκιστρον
462 772 593 828 ἰσχάδι
625 776 694 815 καὶ
720 775 892 829 χρυσίῳ,
925 770 1192 825 καθεζόμενος
1211 774 1274 814 ἐπὶ
1301 772 1346 814 τὸ
1366 771 1494 827 ἄκρον
1511 779 1584 816 τοῦ
1601 790 1686 814 τει-

221 839 333 889 χίου,
365 836 550 884 καθῆκεν
570 832 609 879 ἐς
633 830 706 882 τὴν
737 829 872 871 πόλιν·
903 827 1243 882 sicrespondere
1262 830 1420 884 legitur
1439 829 1686 870 Parrhesia-
1704 880 1707 882 -

223 892 296 930 des
325 889 526 944 piscator.
588 887 668 927 Sed
699 887 895 940 profecto
926 885 1030 924 haec
1059 899 1146 924 non
1177 895 1277 924 sunt
1296 885 1420 925 verba
1439 886 1688 926 Parrhesia-

223 947 319 996 dae,
362 957 404 984 at
435 943 699 990 Sacerdotis;
747 956 875 996 quare
913 956 990 995 pro
1023 943 1156 995 Παῤῥ.
1186 940 1385 994 ponenda
1413 944 1589 982 omnino
1622 951 1687 981 est.

222 1017 402 1057 persona
435 1000 694 1051 Sacerdotis,
719 997 812 1052 Ἰερ,
841 999 994 1051 Neque
1017 999 1129 1038 enim
1162 997 1213 1036 de
1233 1013 1276 1038 se
1297 998 1388 1051 ipse
1413 998 1570 1039 diceret
1589 1000 1686 1038 Par-
1745 1018 1747 1020 ·

220 1057 437 1098 rhesiades
468 1061 660 1109 καθῆκεν,
722 1056 839 1108 Quin
870 1065 910 1095 et
931 1070 982 1094 ex
1000 1055 1091 1108 ipsa
1111 1054 1419 1108 Philosophiae
1443 1056 1685 1110 interroga-

218 1117 339 1154 tione
360 1117 397 1156 τί
415 1112 606 1168 ’πράττειν
626 1110 727 1167 ἀνὴρ
752 1115 989 1162 diametron,-
1021 1121 1137 1164 patet
1167 1111 1281 1162 satis,
1308 1125 1489 1165 sequens
1512 1127 1685 1166 respon-

218 1187 310 1210 sum
344 1186 432 1210 non
465 1170 556 1209 dari
589 1185 611 1209 a
640 1168 937 1216 Parrhesiade‚
974 1167 1239 1221 (quaesitum
1279 1168 1393 1207 enim
1427 1168 1601 1216 fuisset,
1633 1170 1683 1217 τί,

220 1222 254 1269 οἷ
281 1227 398 1282 ἄνερ,
429 1226 617 1279 πράττειν
641 1229 808 1281 διανοῇ,
849 1227 918 1264 vel
941 1227 1159 1275 διανοεΐςς)
1199 1223 1269 1263 sed
1299 1223 1349 1262 ab
1384 1224 1465 1262 alia
1486 1239 1684 1278 persona,

213 1281 363 1338 *Ἱερείᾳ
385 1284 559 1323 scilicet.
618 1282 761 1332 Adde,
796 1281 912 1334 quod
936 1282 981 1320 in
1008 1294 1208 1334 responso
1234 1280 1566 1336 interrogationi
1585 1281 1684 1320 Phi-

216 1341 440 1393 Iosophiae
469 1354 556 1379 non
589 1338 766 1378 satisfit:
801 1352 929 1391 quare
954 1352 1054 1377 mox
1084 1336 1369 1390 Philosophia
1400 1352 1445 1377 se
1470 1337 1522 1376 ad
1542 1338 1682 1390 ipsum

214 1395 492 1436 Parrhesiade
519 1404 794 1445 convertens,
827 1395 1017 1447 quaerit,
1058 1396 1111 1435 Τί
1139 1398 1284 1443 ταῦτα,
1327 1388 1359 1434 ὦ
1391 1395 1677 1447 Παῤῥησιάδη,

215 1460 364 1504 morel&
394 1454 592 1490 Errorern
618 1451 787 1491 videtur
805 1450 1044 1489 suboluisse
1073 1449 1287 1489 Usar-cilius
1317 1464 1355 1502 p.
1377 1455 1474 1494 418.
1504 1465 1581 1503 pro
1611 1469 1681 1492 κα-

213 1514 341 1564 θῆκεν
360 1522 569 1561 reponens
588 1506 795 1559 καθήκειν.
830 1507 912 1546 Sed
931 1506 1043 1546 nihil
1064 1508 1109 1544 in
1132 1506 1214 1544 hoc
1234 1505 1507 1558 mutandum3
1539 1507 1683 1558 modo,

214 1578 264 1605 ut
289 1565 489 1615 diximus,
515 1578 592 1617 pro
612 1563 904 1603 Parrhesiadis
925 1577 1119 1615 persona,
1152 1563 1361 1601 scribatur
1380 1559 1473 1615 Ἵερ,
1499 1563 1581 1603 hoc
1601 1573 1678 1613 est,

214 1621 455 1662 Sacerdotis
484 1634 682 1673 persona.
713 1620 839 1660 JENS.
902 1623 1007 1661 IEP.
1030 1635 1082 1658 ex
1112 1620 1167 1658 L.
1197 1618 1260 1660 ed.
1280 1618 1317 1657 J.
1346 1628 1389 1659 et
1418 1620 1470 1661 B.
1491 1625 1528 1663 2.
1550 1620 1680 1660 resti-—

213 1680 374 1718 ruimus
387 1692 463 1731 pro
486 1680 662 1731 vulgato
687 1680 813 1717 HAP.
840 1675 1156 1725 absurdissimo,
1190 1676 1437 1728 vel‘absque
1457 1675 1562 1718 Cod2
1584 1692 1681 1715 auc-

212 1736 387 1774 toritate
427 1731 654 1783 mutando,
698 1733 762 1770 uti
793 1743 907 1772 recte
941 1731 1106 1772 viderat
1149 1730 1324 1782 Jensius,
1366 1742 1408 1772 et
1442 1742 1540 1772 ante
1582 1748 1677 1773 eum

210 1791 429 1831 Brodaeus.
462 1789 632 1829 SOLAN.
691 1789 810 1828 Mihi
840 1788 1065 1828 videbatur
1099 1787 1172 1826 hic
1206 1787 1471 1828 commodius
1500 1803 1680 1843 respon-

213 1847 311 1887 dere
336 1847 568 1895 Antistita,
602 1845 877 1885 Parrhesiade
905 1846 1000 1898 ipso
1034 1845 1080 1883 in
1109 1845 1297 1896 piscatus
1326 1854 1533 1898 apparatu
1563 1855 1679 1884 sata-

211 1913 351 1959 gente.
412 1904 566 1956 Itaque
602 1902 705 1954 quid
738 1902 914 1951 fecerit,
945 1900 1196 1954 respondet,
1233 1915 1322 1940 non
1355 1901 1460 1954 quid
1488 1902 1678 1941 facturus

210 1960 280 2000 sit.
341 1960 495 2013 Neque
515 1968 655 1997 tamen
675 1958 851 1997 Brodaei
872 1958 1127 1998 sententiam
1149 1957 1453 1999 damnaverim.
1484 1958 1622 2000 Gsssn.

320 2039 423 2091 Pag.
444 2042 535 2081 182.
558 2040 587 2078 l.
608 2043 648 2080 2,
683 2039 908 2091 Καθῆκεν)
941 2035 1166 2089 Καθήκειν.
1197 2039 1408 2077 MARCIL.

320 2094 464 2135 Ead.1.
479 2098 518 2138 5·
546 2090 614 2135 Ἐκ
633 2100 709 2136 τοῦ
722 2097 994 2148 Πελασγικοῦ)
1027 2095 1288 2149 Pelasgicum
1309 2097 1430 2133 locus
1449 2094 1534 2132 fuit
1545 2093 1676 2135 Athe·-

206 2151 274 2189 nis
301 2154 421 2203 juxta
445 2165 601 2201 arcem,
635 2150 685 2191 de
708 2165 792 2205 quo
817 2161 941 2189 antea
971 2151 1132 2189 dictum
1156 2161 1229 2192 est.
1265 2151 1410 2189 CooN.
1470 2150 1583 2191 Vide
1605 2152 1678 2189 in-

205 2209 271 2245 fra
302 2206 355 2245 ad
393 2206 546 2260 Quom.
585 2208 696 2250 Hist.
733 2207 908 2246 consor.
942 2223 976 2247 c.
1000 2211 1065 2251 15.
1100 2207 1312 2248 Solanum:
1345 2206 1453 2246 adde
1484 2216 1525 2247 et
1546 2222 1672 2258 supra

207 2263 339 2304 Schol.
373 2263 424 2301 ad
457 2278 493 2303 c.
523 2269 592 2307 42.
619 2279 681 2316 pru
731 2264 925 2303 Ceterum
957 2266 1125 2316 eadem,
1156 2278 1262 2318 quae
1295 2262 1512 2316 Cognatas,
1546 2264 1673 2303 etiam

204 2319 332 2359 habet
350 2319 476 2359 Brod.
502 2319 547 2357 in
570 2321 741 2359 Miscel.
762 2335 886 2374 saepe
911 2319 1080 2360 adduct.
1103 2336 1143 2374 p.
1166 2326 1202 2364 2.
1225 2334 1258 2358 e.
1282 2325 1349 2363 22.
1394 2320 1559 2359 mez.

318 2398 419 2440 Ead,
443 2400 470 2436 1·
502 2404 566 2441 10.
601 2398 800 2453 ΕΛΕΓ.)
832 2399 986 2438 Malim
1015 2414 1092 2452 pro
1124 2403 1294 2440 EAEY.
1319 2398 1565 2437 tenuissima
1584 2413 1672 2436 mu-

203 2454 369 2492 tatione
392 2454 478 2508 legi
500 2460 670 2496 ΕΛΕΓ.
697 2455 740 2495 h.
764 2469 798 2496 e.
821 2458 984 2510 ἔλεγχος.
1044 2458 1187 2509 Hujus
1212 2455 1323 2494 enim
1345 2463 1407 2491 est
1428 2454 1673 2506 deprehen-

204 2508 300 2549 dere
332 2524 498 2549 verum:
539 2512 610 2550 hic
638 2510 863 2563 adjunctus
898 2511 1200 2550 Parrhesiadae
1230 2513 1375 2563 paullo
1411 2521 1534 2552 ante:
1575 2525 1670 2549 cum

201 2564 286 2604 hoc
309 2565 461 2605 deinde
485 2568 752 2622 colloquitur
774 2567 1083 2608 Parrhesiades.
1117 2569 1253 2609 Cass.

314 2633 418 2671 Ibicl.
458 2631 545 2674 Οὔκ
563 2631 660 2675 ἀλλὰ
680 2632 822 2688 γαλεός
854 2637 954 2682 ἐστι)
987 2636 1268 2687 Interpretes‚
1300 2637 1459 2673 minime
1471 2633 1576 2690 felis
1598 2645 1666 2675 est.

200 2688 281 2729 Sed
307 2690 401 2742 quis
426 2704 611 2742 unquam
643 2690 836 2738 audivit,
868 2691 1007 2745 γαλεὸν
1030 2691 1275 2746 essese-lem,
1311 2702 1352 2730 et
1372 2692 1475 2731 feles
1497 2692 1542 2729 in
1564 2692 1667 2729 mari

199 2745 332 2800 capi?
374 2746 597 2788 Diseimus
629 2757 799 2802 praeter
826 2750 935 2791 alios
957 2762 1011 2790 ex
1031 2746 1124 2791 Aea
1149 2747 1251 2788 hist.
1279 2750 1408 2790 anim.
1431 2747 1477 2797 I,
1500 2750 1566 2792 45.
1596 2763 1666 2802 ya-
