1781 3174
505 186 579 218 riv
647 185 1137 220 szearonssm.
1452 174 1551 224 597

89 287 322 339 Utcunque
354 283 432 335 sit,
466 282 615 327 verba;
648 280 769 326 οὐδὲν
790 293 866 326 etc.
900 285 991 325 sine
1021 284 1174 325 idonea
1205 296 1350 327 caussa
1370 287 1555 329 Elenchi.

88 341 249 388 haberi,
281 356 382 380 mox
400 340 576 394 patebit.
635 340 774 379 Aliter
792 344 936 394 paullo
959 341 1238 391 Schmieclerus,
1271 353 1328 393 et,
1354 345 1424 382 cui
1443 344 1550 385 haee.

87 401 329 448 conjectura
364 397 542 451 probata
572 405 656 444 est,
702 411 852 436 censor
884 397 1090 437 editionis
1121 398 1318 438 Schmied.
1350 400 1548 441 Jenensis

84 454 171 493 loci
203 455 379 494 formam
409 453 703 501 constituunt,
735 453 781 492 in
812 453 926 492 hunc
955 454 1121 495 scilicet
1147 454 1343 495 modum:
1379 461 1546 499 IIAPP.

74 508 215 552 ’Ἐσται
233 516 355 552 ταῦτα
383 533 439 540 -
468 511 777 564 παρηγγελμένα.
825 516 913 552 ΕΛ.
934 516 1021 552 Ποῖ
1035 513 1076 553 δὲ
1105 534 1158 541 -·
1189 509 1346 563 Στοάν;
1379 517 1543 555 ΠΑΡΡ.

76 562 172 608 'And
191 571 262 608 τοῦ
280 573 331 609 Λ.
350 589 408 596 --
429 561 570 619 ἀρχήν.
606 564 708 607 ἘΛ.
736 563 861 608 Οὐδὲν
883 570 1024 609 διοίσει
1042 577 1119 610 etc.
1180 569 1250 609 Sic
1272 579 1442 623 quaeret
1459 571 1547 623 pri-

83 638 153 662 mo
173 622 412 674 Elenchus,
445 622 559 662 unde
586 622 758 662 initium
787 622 879 663 fieri
901 624 1005 664 velit
1024 624 1270 672 Lucianus3
1302 634 1342 666 et
1358 640 1486 679 quum
1505 625 1546 665 is

78 679 361 733 responderit,
392 678 506 718 unde
529 678 614 717 sibi
634 682 814 732 placeat,
845 680 919 719 ille
943 694 1085 719 rursus
1111 680 1211 720 satis
1233 682 1546 734 inconstanter,

77 745 202 791 atque
230 734 336 775 adeo
360 736 628 789 importune,
660 736 834 791 negabit
864 735 1096 790 quidquam
1118 737 1337 779 interesse.
1395 739 1546 778 Deni-

77 806 160 844 que
180 792 243 832 Jo.
270 792 460 844 Seogerus
479 791 524 829 in
547 791 723 832 Classic.
743 792 893 833 Journ.
912 792 1006 834 Vol.
1019 793 1095 834 XI.
1118 808 1157 847 p.
1173 797 1265 837 199.
1287 795 1348 833 sic
1370 795 1547 849 singula

75 847 294 901 disponit,
335 858 385 887 ut
415 847 712 888 Parrhesiades
740 851 942 901 loquatur
974 863 1109 904 usque
1137 849 1190 889 ad
1227 852 1543 906 παρηγγελμένα,

74 903 228 944 deinde
254 904 472 943 Elenchus
506 905 717 956 excipiat:
754 909 841 946 Ποῖ
867 905 991 947 δὲκαὶ
1019 910 1180 957 πρῶτον
1207 902 1368 949 ἐπιέναι
1385 905 1539 960 δεήσεις

74 965 161 1014 μᾱῖν
181 962 221 1009 ἐς
240 959 314 1013 τὴν
329 956 630 1013 Ἀκαδημίαν,ὴ“
651 963 689 1010 ἐς
707 959 781 1012 τὴν
802 959 957 1013 Στοάνς
986 959 1014 1015 ἦ
1033 960 1110 1004 nimi
1132 968 1207 1005 τοῦ
1223 966 1401 1006 Λυκείου
1421 980 1540 1017 ποιη-

69 1016 236 1070 σώμεθα
253 1016 326 1071 τὴν
348 1015 500 1071 ἆρχήνς
531 1027 574 1057 et
595 1017 1018 1058 nuncParrhesiades
1040 1033 1124 1058 rem
1142 1018 1371 1072 disceptet:
1409 1017 1543 1063 Οὐδὲν

71 1077 214 1116 διοίσει
239 1079 356 1115 τοῦτο
375 1084 457 1114 etc.
514 1074 754 1128 Aliquanto
785 1074 889 1114 haec
912 1074 1130 1114 dexterius
1154 1085 1197 1115 et
1221 1076 1451 1115 rotundius
1475 1077 1542 1119 ef.

67 1129 189 1178 ficta;
232 1130 306 1170 sed
338 1130 436 1169 ficta
469 1140 633 1180 tamen,
675 1140 840 1180 praeter
871 1131 1059 1170 auctoris
1090 1132 1227 1185 ipsius
1259 1135 1540 1173 voluntatem.

66 1187 175 1226 Nam
207 1187 391 1240 primum
427 1186 636 1240 particula
664 1183 693 1239 ἢ
721 1186 879 1226 verbis:
924 1185 1006 1228 ἀπὸ
1034 1193 1105 1229 τοῦ
1137 1188 1317 1230 Λυκείου
1344 1203 1399 1228 ex
1423 1203 1539 1229 mera

67 1247 312 1295 conjectura
348 1243 660 1297 praemittitur:
711 1257 964 1296 quamquam
1002 1253 1044 1282 et
1074 1243 1287 1298 Seybolclus
1317 1259 1406 1284 eam
1437 1259 1538 1284 casu

65 1299 274 1340 excidisse
309 1300 562 1352 suspicatur.
624 1298 800 1338 Deinde
827 1313 926 1339 vero
960 1299 1224 1340 incredibilis
1255 1300 1376 1339 illius
1407 1301 1537 1339 libra-

63 1357 222 1395 riorum
252 1356 538 1409 negligentiae
571 1369 625 1395 ne
654 1355 882 1407 vestigium
923 1355 1094 1410 quidem
1125 1370 1303 1410 usquam
1335 1357 1380 1394 in
1408 1356 1535 1395 libris

62 1411 222 1451 nostris
256 1412 453 1450 omnibus
487 1411 700 1464 apparuit.
763 1411 965 1465 Denique
995 1426 1176 1464 quaeso,
1211 1426 1411 1465 quorsum
1432 1421 1537 1450 tan-

64 1467 157 1508 dem
181 1478 296 1507 tanta
329 1467 400 1506 fiat
431 1467 649 1506 mutatio?
711 1466 881 1521 Quidni
913 1467 1016 1507 haee
1041 1468 1183 1507 omnia
1216 1468 1298 1521 ipsi
1334 1468 1534 1507 Lucieno

60 1525 168 1565 bene
191 1524 452 1564 conveniant
468 1523 490 1562 ¹?
551 1524 631 1562 Est
664 1523 768 1563 haec
788 1524 942 1563 festiva
968 1524 1254 1574 consultatio,
1284 1539 1408 1580 quam
1428 1524 1537 1562 Phi-

59 1581 284 1634 losophiae
315 1584 506 1635 legatus,
541 1589 761 1632 praesente
794 1580 955 1618 famulo
989 1583 1059 1619 vel
1091 1579 1341 1634 pedissequo
1371 1594 1447 1619 suo
1479 1597 1537 1614 ·—.

59 1637 172 1676 hanc
197 1638 332 1688 enim,
367 1651 444 1676 nec
466 1637 616 1685 aliam,
650 1634 835 1675 Elenchi
864 1650 1085 1688 personam
1109 1650 1199 1676 esse
1226 1635 1358 1688 probe
1376 1645 1536 1675 tenen—-

61 1693 159 1733 dum
180 1703 243 1733 est
265 1717 317 1723 —
341 1707 480 1732 secum
505 1693 595 1745 ipse
619 1691 760 1731 habet.
822 1693 881 1730 Et
903 1692 963 1729 sic
981 1695 1100 1732 lente
1118 1701 1160 1730 et
1183 1691 1306 1745 quasi
1332 1691 1536 1744 pedeten-

61 1750 140 1788 tim
174 1749 259 1788 hoc
287 1749 527 1788 dramation
559 1747 734 1801 perinde
768 1761 814 1786 ac
842 1747 1013 1786 Charon
1047 1761 1080 1787 s.
1113 1747 1461 1800 Contemplantes
1491 1757 1536 1787 et

57 1808 275 1860 Dialogus
295 1806 450 1844 Mortt.
474 1804 528 1844 X.
543 1835 554 1853 ‚
588 1802 819 1842 secundum
845 1804 982 1855 ipsum
1005 1803 1139 1856 ipsius
1161 1804 1352 1842 Luciani
1373 1817 1534 1842 morem

61 1862 114 1902 ad
148 1862 274 1901 finem
299 1875 420 1900 suum
450 1860 724 1913 perducitur,
755 1862 903 1898 aculeo
934 1861 1110 1909 relicto,
1143 1860 1219 1912 qui
1251 1869 1370 1898 tanto
1402 1859 1535 1898 altius

61 1919 205 1958 animo
225 1917 386 1956 infixus
408 1915 591 1955 insideat
613 1929 782 1956 necesse
803 1926 881 1965 est,
906 1924 1066 1969 quanto
1085 1915 1224 1955 minus
1247 1929 1420 1956 acumen
1441 1918 1534 1969 ejus

63 1974 405 2027 exspectabatur.
438 1973 594 2014 Lanu.

172 2030 277 2069 Eacl.
300 2033 325 2068 1.
352 2036 417 2072 11.
450 2031 741 2082 Καυστηρίων)
773 2027 924 2068 Utitur
942 2038 982 2067 et
999 2028 1107 2081 Orig.
1131 2043 1165 2068 c.
1181 2028 1350 2067 Celsum
1371 2026 1422 2066 V.
1436 2032 1537 2072 273.

59 2094 100 2132 2.
129 2087 291 2126 Nescio
315 2095 453 2124 tamen
469 2115 479 2134 ,
511 2100 564 2123 an
593 2100 678 2124 non
702 2086 859 2124 rectius
882 2088 1090 2137 legeretur
1113 2086 1363 2137 καυτηρίων,
1394 2093 1441 2120 ut
1461 2098 1535 2122 su·-

59 2159 136 2198 pra
167 2158 202 2182 c.
227 2148 295 2186 46·
321 2151 360 2180 et
392 2141 504 2180 infra
538 2142 620 2180 Pro
651 2141 783 2182 Merc.
815 2141 953 2180 Cond.
980 2155 1014 2180 c.
1040 2147 1078 2184 2.
1138 2141 1268 2194 Quod
1301 2150 1344 2179 et
1372 2140 1535 2179 Vorstio

59 2200 273 2255 placuisse
298 2197 439 2237 video.
472 2197 553 2237 Sed
578 2196 703 2237 credo
731 2198 872 2249 potius
897 2198 1100 2249 scriptum
1127 2197 1258 2236 fuisse
1280 2194 1534 2249 καυστήρων,

61 2270 172 2309 quae
197 2270 283 2294 vox
306 2255 434 2294 etiam
455 2253 568 2303 apud
594 2253 798 2306 Origenem
822 2253 1030 2305 reperitur
1051 2268 1084 2292 c.
1099 2254 1210 2292 Cels.
1234 2258 1329 2296 211.
1362 2252 1531 2291 somn.

63 2312 326 2364 Conjectura
351 2310 504 2349 Vorstii
536 2310 693 2347 nititur
722 2313 914 2361 exemplo
938 2309 1045 2348 Pisc.
1066 2325 1098 2351 c,
1117 2314 1183 2353 46.
1205 2308 1314 2349 med.
1366 2308 1424 2347 Et
1449 2308 1532 2347 Pro

62 2369 198 2409 Nlerc.
231 2365 369 2406 Cond.
393 2381 427 2404 c.
451 2372 489 2409 2.
513 2366 546 2405 f.
607 2364 687 2405 Sed
723 2369 966 2417 conjectura
999 2365 1138 2404 Solam*
1163 2365 1333 2413 melior,
1366 2373 1408 2403 et
1436 2377 1534 2417 pro-

64 2424 165 2478 pius
188 2422 240 2462 ad
259 2424 476 2461 literarum
501 2421 675 2459 ductum
697 2421 912 2461 accedens.
946 2422 1108 2460 l'uzmz.
1168 2422 1275 2475 Leg.
1292 2423 1533 2473 καυτηρίων.

68 2480 141 2519 Sic
158 2480 264 2518 Mss.
284 2479 416 2531 Regg.
443 2488 485 2516 et
507 2479 566 2517 ita
592 2491 715 2528 supra
737 2492 827 2528 cap.
846 2482 914 2520 46.
943 2473 965 2518 ὁ
1002 2478 1042 2518 δὲ
1063 2476 1188 2525 τύπος
1216 2483 1291 2519 τοῦ
1314 2474 1531 2529 καυτῆρος.

69 2536 268 2575 Ceterum
286 2534 332 2572 in
343 2535 547 2588 Ms.Reg.
568 2537 691 2577 2954.
712 2533 764 2573 ad
782 2534 824 2573 h.
845 2548 885 2573 v.
907 2547 1088 2586 sequens
1107 2534 1266 2588 legitur
1286 2532 1532 2573 scholium:

70 2591 476 2646 κεκαυτηριασμένος,
508 2590 530 2635 ὁ
552 2589 606 2646 μὴ
628 2591 726 2644 ἔχων
742 2587 841 2644 ήγιῆ
861 2589 933 2642 τήν
956 2591 1196 2645 συνείὸησιν.
1228 2590 1391 2630 anm.
