1781 3174
507 229 577 260 ιΝ
647 227 1148 262 rxscA‘ronEm.
1459 219 1558 272 593

98 329 191 375 λεόν
213 344 302 372 esse
327 342 461 393 genus
495 326 613 366 canis
634 327 812 375 marini,
845 327 920 382 qui
953 338 1017 369 est
1043 331 1343 384 κατεστιγμένσς
1373 340 1415 371 et
1436 337 1567 376 ποικί-

100 395 189 438 λος·
224 389 362 442 qualis
394 384 465 423 hic
495 383 765 437 intelligitur.
826 385 925 427 vid.
949 386 1076 425 etiam
1102 388 1273 427 Aristot.
1298 387 1349 426 de
1374 388 1561 436 Animal,

100 446 232 487 ‘VI‚c.
257 449 319 487 11.
342 443 372 480 f.
400 441 546 480 Athen.
571 440 648 490 IV,
673 445 737 483 17
766 450 808 480 et
825 441 937 490 VII,
962 447 1001 486 8.
1031 444 1086 481 L.
1109 444 1214 483 Bos.
1276 444 1428 483 Glossa
1446 447 1564 485 Pari-

99 503 218 542 sina.
262 499 375 553 lupus
411 500 611 537 marinns:
650 499 823 536 meminit
846 499 1018 537 Aristot.
1051 510 1086 538 et
1116 500 1220 539 Plin.
1265 501 1380 540 Felis.
1410 502 1560 555 galeas

100 558 212 598 Gaza
233 554 436 595 mustelam
452 556 725 620 ι’νιίειῬνείαίιιν
734 584 746 602 ,
779 566 832 593 est
847 557 970 608 piscis
991 572 1136 609 rwczpaoe
1175 558 1339 596 REITz.

209 614 309 666 Pag
336 617 427 655 183
450 613 474 652 l.
497 617 533 652 1
564 607 688 651 Αὕων
718 610 835 658 οὗτός
858 610 928 665 γε)
959 612 1076 651 Haeo
1105 612 1231 652 verba
1262 628 1349 653 non
1380 625 1480 655 sunt
1513 618 1560 658 in

95 671 222 724 Angl.
243 645 348 708 Cood.
380 669 558 707 Bonan.
617 665 767 718 Κύων)
799 668 968 706 Locum
1000 668 1150 707 huno'
1138 684 1184 707 m
1217 670 1447 709 omnibus
1435 687 1557 727 lmpr.

96 731 180 781 jam
215 725 477 777 desperatum
507 724 677 777 egregie
710 723 899 762 restituit
932 724 1038 764 Cod.
1067 725 1121 763 L.
1146 724 1263 765 hunc
1291 726 1337 765 in
1368 728 1555 771 modum.

95 784 219 823 P1ius
253 781 365 822 enim
394 778 503 821 αύων
528 779 757 833 legebatur.
820 780 867 818 ln
890 780 939 822 A.
962 790 1101 820 autem
1127 791 1169 821 et
1192 783 1238 821 P.
1261 781 1403 822 deerat
1427 799 1559 838 pror-

93 855 164 880 sus
183 854 230 878 ea
250 853 353 877 vox.
413 838 464 875 In
488 835 738 890 quibusdam
758 836 884 874 etiam
906 833 1042 879 ανύων
1066 846 1177 885 erat;
1212 853 1262 877 ex
1283 840 1437 893 quibus
1461 856 1560 881 om..

94 896 223 934 nibus
246 894 358 933 nihil
377 892 487 933 effici
507 902 685 945 poterat.
744 894 859 930 Dum
881 903 1020 932 autem
1041 908 1184 932 canem
1204 906 1354 946 vocat,
1390 898 1470 936 etsi
1492 913 1560 938 ca-

94 953 163 991 nis
183 951 369 989 marinus
400 950 529 1003 piscis
549 951 604 987 sit
625 948 698 1000 (de
722 964 806 1003 quo
826 949 986 990 Aelian.
1012 950 1063 991 de
1081 950 1206 992 anim
1230 952 1273 1003 Ῑ,
1295 954 1386 1004 55.)
1413 953 1560 1006 Cyni.-

93 1023 189 1048 cum
210 1017 348 1046 tamen
372 1006 558 1061 intelligi
579 1009 684 1043 vult.
727 1005 835 1045 Vide
858 1006 945 1045 Vit.
966 1006 1090 1046 Auct.
1114 1021 1149 1045 e.
1170 1013 1210 1050 7.
1244 1009 1332 1047 Sor
1339 1023 1412 1048 AN
1474 1012 1556 1051 Pro

92 1063 229 1114 αἴων,
263 1062 375 1120 quod
399 1063 483 1101 huo
516 1061 619 1101 adeo
645 1076 731 1101 non
761 1063 986 1113 convenit,
1016 1074 1066 1102 ut
1087 1063 1255 1118 quidam
1279 1065 1446 1105 librarii
1469 1068 1559 1120 eji-

93 1137 185 1162 cere
203 1108 459 1184 maluerint,
502 1133 626 1183 qtuam
665 1121 917 1158 sententiam
953 1134 1003 1159 eo
1034 1120 1282 1170 obscurare,
1326 1124 1553 1176 legendum

91 1178 340 1218 tenuissima
382 1177 621 1214 mutatione
655 1173 784 1216 κύων·
836 1174 950 1229 quod
991 1175 1157 1216 viderat
1196 1177 1325 1216 etiam
1362 1180 1415 1220 L.
1447 1180 1554 1220 Bos.

90 1233 317 1273 Animadv.
348 1247 381 1273 c.
406 1238 471 1275 14.
505 1247 546 1285 p.
566 1237 633 1275 62.
690 1232 763 1270 De
802 1231 969 1284 Cynico
1013 1232 1274 1286 philosopho
1319 1248 1554 1276 sermonem

89 1291 162 1330 hic
179 1304 282 1341 esse,
315 1299 518 1342 apertum.
581 1289 688 1327 Cum
711 1287 760 1326 de
781 1288 1004 1327 Platonico
1025 1289 1137 1342 agit,
1171 1289 1301 1328 simili
1323 1289 1376 1329 ad
1396 1305 1553 1331 nomen

89 1357 285 1399 respectu
309 1345 460 1387 πλατύν
485 1347 681 1398 appellat.
722 1345 850 1383 Hunc
869 1354 1096 1384 vocaverat
1115 1344 1243 1384 modo
1262 1345 1417 1400 γαλεόν,
1458 1348 1552 1389 Jam

87 1410 177 1468 γαλε
183 1402 225 1451 ὂς
254 1417 284 1444 s.
310 1401 496 1441 mustelas
524 1401 675 1454 piscis,
706 1399 839 1452 κύων,
873 1402 1120 1449 eurcharius,
1154 1412 1428 1455 cognatarum
1460 1419 1553 1458 spe-

87 1460 246 1500 cierum
276 1460 449 1497 nomina
479 1472 610 1510 aeque
641 1458 809 1511 Cynico
845 1458 1121 1498 conveniunt.
1181 1458 1267 1496 Res
1299 1460 1424 1499 nobis
1447 1461 1553 1514 qui-

87 1516 180 1556 dem
203 1514 426 1554 videbatur
449 1514 508 1552 ita
531 1523 697 1565 aperta,
728 1523 776 1552 ut
808 1514 1004 1553 versione
1025 1523 1169 1552 nostra
1200 1529 1288 1553 eam
1313 1516 1552 1569 exprimere

88 1572 201 1612 nihil
223 1571 522 1610 dubitaremus.
557 1571 694 1611 Gnss.
754 1570 867 1622 Quia
881 1569 992 1610 αὔων
1006 1571 1106 1609 olim
1127 1569 1288 1609 editum
1302 1582 1404 1621 erat,
1422 1573 1549 1612 Brocl.

86 1631 219 1670 IVlisc.
241 1630 286 1666 P.
309 1633 351 1671 2.
370 1643 401 1669 c,
421 1633 486 1670 22.
510 1627 611 1668 inde
631 1627 736 1666 fecit
757 1625 888 1676 ἄνων,
919 1629 986 1666 vel
1005 1627 1212 1665 festinans
1236 1627 1294 1665 ita
1317 1628 1402 1682 legi
1423 1639 1552 1680 putas

86 1686 166 1735 vit,
203 1685 284 1736 (ait
303 1685 439 1724 enim:
471 1682 591 1726 ἄνων.
654 1683 749 1724 Cum
770 1686 869 1722 muti
885 1685 961 1722 sint
977 1682 1121 1739 pisces)
1142 1682 1243 1722 satis
1267 1683 1445 1724 absurde
1468 1684 1550 1725 hoc

86 1745 197 1783 loco.
230 1742 391 1780 RmTz.

200 1798 302 1836 Emi.
324 1800 351 1835 l.
372 1804 410 1839 3.
429 1794 566 1838 ’Ένθα
595 1794 731 1849 λήσειν
749 1795 946 1850 ἤλπισας)
981 1796 1234 1845 Benedictus,
1267 1796 1335 1837 ubi
1352 1808 1387 1837 ie
1407 1797 1553 1838 latita-³·

87 1866 216 1895 iurum
241 1854 435 1907 sperabas.
497 1854 605 1892 Sane
638 1857 778 1892 nullus
808 1854 959 1892 horum
989 1854 1051 1891 sic
1079 1867 1121 1892 se
1150 1854 1280 1907 gerit,
1314 1864 1362 1892 ut
1383 1857 1552 1894 latitare·

89 1912 218 1960 velit,
253 1910 383 1962 idque
413 1910 686 1962 praecipuum
719 1910 910 1949 studeat:
943 1924 1019 1949 nec
1046 1909 1156 1947 circa
1188 1919 1325 1962 petras
1348 1911 1552 1964 liguriens

89 1976 283 2007 versatur
312 1980 386 2018 spe
414 1967 599 2012 latendi,
638 1965 709 2005 sed
743 1965 986 2019 praedandi.
1045 1964 1194 2019 Itaque
1223 1965 1550 2022 Pir-cklzeymcrus)

88 2023 157 2063 ubi
170 2022 359 2077 thueclari
376 2022 580 2076 sper·al1as‚·
612 2033 652 2061 et
677 2022 901 2076 adscripsit
927 2031 1044 2075 pater
1062 2026 1150 2075 ani:
1149 2038 1218 2062 ειν.
1265 2023 1405 2064 GnoN.

206 2079 310 2118 Ibid.
343 2079 453 2131 Λησε
458 2079 520 2134 ιν)
556 2079 624 2117 Sic
651 2089 760 2118 recte
790 2079 896 2129 leni,
930 2094 979 2118 ex
1009 2079 1103 2118 Ver.
1139 2079 1251 2116 Hist.
1277 2080 1313 2119 I.
1345 2094 1378 2121 c
1400 2085 1440 2123 4.
1474 2079 1551 2118 ubi

91 2134 278 2188 ἐνόμισαν
304 2134 458 2188 λήσειν,
503 2135 638 2173 tribus
674 2145 909 2189 quatuorve
949 2135 1043 2173 aliis
1075 2135 1376 2174 auct01-itt.ex
1403 2136 1551 2175 Nostro

91 2193 342 2247 probaverat
371 2192 560 2240 Solonas,
593 2191 789 2229 nimirum
820 2207 871 2230 ex
899 2192 1190 2243 J11nt.p.4‘20.
1217 2195 1549 2236 367.400.229.

93 2260 135 2290 et
162 2254 258 2293 397.
319 2249 475 2287 Verum
506 2263 591 2286 non
627 2262 770 2286 omnes
802 2248 1003 2296 invenio,
1037 2247 1137 2299 quia
1173 2247 1217 2285 in
1248 2261 1334 2286 uno
1363 2252 1550 2287 alterove

90 2320 267 2345 numero
290 2314 470 2343 erratum
494 2314 568 2342 est..
613 2304 692 2345 Sed
717 2303 889 2356 phrasin
909 2302 1002 2356 λησε
1007 2322 1044 2344 ιν
1063 2301 1231 2356 ἤλπισας
1248 2304 1421 2355 probam
1447 2319 1550 2354 esse,

93 2363 189 2415 quis
225 2360 426 2400 dubitet?
488 2361 590 2398 Eam
618 2371 757 2399 autem
789 2360 829 2402 h.
860 2363 888 2399 1.
919 2360 1171 2410 convenire,
1215 2358 1340 2400 docet
1371 2375 1550 2415 sequens

93 2419 160 2474 ε’σῃ
183 2416 356 2471 φανερὸς
374 2415 535 2458 ἅπασιν.
582 2418 701 2455 an
709 2433 743 2458 7,

207 2475 501 2527 Pag.184.1.1
537 2472 724 2528 Πολλοῦ)
756 2474 807 2512 In
822 2481 983 2512 textum
1005 2473 1146 2526 recepi
1165 2488 1215 2512 ex
1237 2466 1551 2513 duobusCodd.

94 2540 144 2570 ut
162 2534 288 2594 longe
310 2530 542 2584 elegantius
574 2533 748 2582 vulgato
772 2529 891 2580 πολυ,
923 2539 964 2568 et
988 2531 1118 2583 magis
1140 2529 1400 2583 respondens
1422 2530 1550 2568 verbo

96 2596 139 2627 et
169 2587 285 2626 casui
308 2585 597 2638 praecedentiz
627 2588 731 2625 licet
752 2588 862 2625 enim
889 2589 1058 2639 vulgata
1088 2586 1189 2624 satis
1221 2586 1276 2624 sit
1299 2586 1549 2636 tolerabilis,

95 2648 248 2685 πολ)οῦ
277 2652 413 2681 tamen
441 2642 545 2680 Luc*
535 2659 664 2681 manum
694 2642 857 2683 dedisse
888 2642 1144 2681 ered0.1‹3t
1169 2642 1230 2681 sic
1258 2643 1345 2682 fere
1377 2643 1422 2680 in
1453 2642 1549 2680 Act.

96 2701 249 2753 Apost.
281 2713 315 2736 c.
348 2698 401 2747 V
433 2703 470 2741 8.
499 2699 708 2752 Sapphira
742 2699 1025 2766 interrogata,
1057 2702 1092 2740 εἰ
1115 2697 1307 2746 τοςούτου
1335 2697 1380 2740 τὸ
1406 2701 1554 2752 χωοιόν

98 2754 320 2805 ἆπέόοσθες
351 2753 579 2807 respondet
612 2758 719 2808 Ναὶ,
750 2753 956 2806 τοςούτου.
1019 2754 1147 2810 Quod
1179 2755 1241 2793 ibi
1272 2754 1442 2810 quidem
1467 2755 1552 2794 alio
1609 2782 1615 2791 .

144 2824 294 2857 Luciam
320 2820 404 2857 Vol
430 2823 496 2855 111.
1203 2813 1279 2866 Pp
