1781 3174
535 200 1204 238 1NcA'1-APLUM.
1494 204 1598 250 ιδῃ,

129 300 348 342 similiter:
381 300 462 342 Καὶ
482 296 563 353 μὴν
586 298 637 341 ὀῖν
657 313 706 357 σς
720 297 829 354 λάβω
847 301 943 344 ποτὲ
977 333 987 342 .
1021 332 1032 342 .
1065 333 1076 343 .
1110 334 1121 343 .
1154 304 1369 359 excipitur
1387 324 1409 349 a
1430 312 1600 355 ridente

125 359 365 411 Menippo:
387 355 470 399 ἬΑν
491 356 639 410 λάβῃς,
673 359 704 399 a}
726 359 908 411 βέλτιστε.
943 359 1006 407 δὶς
1024 359 1066 400 δὲ
1084 357 1159 402 οὐκ
1182 358 1232 402 ἂν
1254 360 1405 418 λάβοις.
1438 369 1595 411 Limia.

240 414 341 454 Ead.
363 417 389 453 l.
417 417 480 458 15.
521 412 573 455 Τὸ
599 418 675 455 νῦν
700 411 740 456 δ’
759 413 874 468 ἕχον)
911 416 962 454 Ut
984 426 1112 455 autem
1134 435 1192 457 res
1209 436 1287 459 sese
1308 438 1411 463 nunc
1434 425 1594 467 habent.

122 473 267 513 Bnon.
327 469 519 524 Legend.
552 470 741 521 videtur,
774 469 818 513 τὸ
850 472 891 513 δὲ
922 477 999 513 νῦν
1028 474 1128 526 ἔχων
1152 473 1204 527 μή
1225 475 1418 533 διάτριβε.
1475 483 1593 525 Nota

120 529 186 569 vis
211 529 336 580 hujus
368 527 589 580 participii
622 542 717 566 curn
751 528 895 568 verbo.
931 529 1066 571 Gsssx.
1128 530 1188 570 Ut
1225 532 1338 573 Gesta.
1374 540 1592 592 conjecit,

119 586 164 623 in
189 584 354 623 duobus
375 584 483 623 Mss.
508 593 618 631 erat3
652 585 740 638 ἕχον
761 599 862 626 vero
883 595 1082 625 constans
1099 596 1185 639 est,
1217 603 1296 630 nec
1313 594 1590 638 movendum,

117 642 284 680 Rmrz.

228 698 326 750 Pag.
349 702 445 741 206.
466 699 493 736 1.
517 702 556 741 2.
591 694 683 755 Κᾷν
704 700 882 750 δοῦλον)
913 699 983 740 Sic
1003 701 1256 742 Homericus
1277 703 1470 747 Achilles
1505 707 1589 749 Od.

112 759 166 796 A.
198 756 327 795 Bnon
392 754 460 793 Cf.
485 754 620 796 Diall,
647 756 800 794 Mortt.
823 756 919 796 XV.
952 757 1112 798 mem.

224 811 325 851 Ead.
347 814 375 849 1.
399 816 439 853 4.
479 808 532 852 Τὸ
550 809 701 862 ξύλον)
736 812 845 863 Quo,
879 813 965 850 nisi
993 813 1184 866 cymbam
1209 817 1487 869 conscendas,
1519 837 1589 860 va·

106 867 279 922 pulabis.
309 869 454 907 Bnon.
517 867 645 910 Conf.
678 883 804 922 supra
835 883 927 922 cap.
949 873 989 913 4.
1021 885 1085 924 pr.
1117 881 1159 910 et
1189 886 1279 912 non
1314 878 1443 916 semel
1466 878 1587 920 alibi.

112 925 284 965 SOLAN.

222 981 325 1020 Εαιῖ.
340 984 368 1021 1.
383 987 421 1025 7.
461 978 541 1022 Τὸν
561 983 684 1030 δεῖνα)
716 981 927 1034 Cynicum
950 982 1172 1038 designare
1196 983 1381 1028 videtur.
1414 988 1587 1032 SonAn.

219 1037 321 1079 Eacl.
339 1041 365 1077 1.
387 1043 426 1082 8.
461 1042 587 1080 ΧΑΡ.
616 1034 803 1091 Ἀμέλει)
837 1039 907 1078 Sic
939 1040 1331 1095 interpungendum
1367 1043 1584 1088 duximus.

107 1094 314 1137 Judicent
348 1096 436 1134 alii.
497 1095 716 1148 Scriptura
751 1095 968 1145 omnium,
1008 1106 1225 1151 quotquot
1257 1098 1403 1140 videre
1429 1102 1581 1154 licuit,

111 1151 335 1201 codicum,
370 1154 518 1201 aliter,
550 1165 724 1204 nempe,
757 1149 947 1205 ἀσφαλῶς
971 1150 1116 1205 cingla.
1176 1153 1294 1193 Haec
1316 1170 1410 1194 cum
1439 1160 1585 1213 scrip-

109 1209 253 1246 sissem
268 1239 278 1258 ,
311 1207 438 1246 video
466 1208 626 1247 Vorsn‘o
649 1207 791 1247 eadem
814 1208 1047 1261 placuisse,
1083 1209 1159 1262 qui
1178 1211 1358 1265 margini
1379 1213 1446 1251 sui
1466 1216 1583 1254 codi-

109 1265 170 1302 cis
191 1263 294 1302 haec
316 1263 565 1317 adscripsit:
598 1266 662 1303 lzic
675 1281 776 1317 pone
802 1281 941 1304 novam
957 1281 1179 1318 personam.
1238 1267 1297 1306 Et
1330 1269 1505 1310 omnino
1535 1273 1582 1311 in

104 1321 151 1359 P.
172 1320 344 1374 legitur,
379 1335 463 1360 non
486 1319 655 1374 quidem
678 1326 811 1363 XAP.
836 1322 901 1359 uti
921 1322 1059 1374 primo
1083 1325 1358 1375 conjeceram,
1392 1326 1463 1365 sed
1489 1334 1578 1370 ΚΤ.

106 1378 274 1417 SoLAN.
331 1375 558 1428 Ἀσφαλαῖς.
589 1377 751 1427 Χάρων.
785 1376 916 1429 ἀμέλει
940 1377 1167 1430 legendum
1194 1381 1420 1421 contendit
1452 1383 1581 1424 Sola-

103 1450 196 1483 ηας,
232 1442 273 1471 et
292 1443 392 1486 post
415 1431 542 1486 ἀμέλει
574 1432 658 1471 duo
694 1443 852 1486 puncta
882 1433 1160 1487 adposuerat,
1195 1440 1290 1477 ΚΥ.
1322 1436 1578 1482 adscribens,

103 1491 290 1528 Frustra.
354 1490 464 1529 Nam
485 1485 619 1543 α’μέλει
645 1489 947 1529 adverbialiter
969 1489 1040 1529 hic
1061 1491 1358 1543 accipiendum
1374 1525 1385 1544 ,
1418 1509 1496 1548 pro
1517 1501 1580 1537 m·-

101 1548 265 1596 mirum,
299 1557 347 1586 ut
368 1561 451 1600 seq.
467 1562 499 1588 e.
523 1553 588 1590 14.
620 1557 719 1599 post
750 1546 860 1586 med.
894 1546 972 1586 Vel
996 1556 1043 1584 ut
1065 1562 1098 1586 c.
1125 1553 1191 1591 18.
1224 1547 1352 1602 ἀμέλει
1368 1549 1580 1606 γράψομαί

103 1618 143 1645 σε
162 1601 405 1657 παρανόμων
426 1606 487 1645 ἐπὶ
510 1609 583 1645 τοῦ
601 1600 931 1653 ΓΡοιόίιχιιοῖνθυος.
974 1602 1059 1641 Ubi
1073 1605 1255 1643 vertitur
1278 1607 1321 1644 in
1345 1607 1438 1646 Par.
1471 1612 1576 1663 Age,

99 1676 199 1714 age,
233 1671 273 1699 ut
304 1660 429 1709 lubet,
471 1660 646 1714 equidem
679 1660 752 1697 tibi
781 1659 880 1699 diem
912 1659 1044 1698 (licam
1073 1660 1182 1713 opud
1210 1661 1575 1708 Rhadamanthum.

98 1717 201 1757 Non
226 1720 356 1766 male,
392 1718 506 1769 quod
530 1716 580 1754 ad
605 1729 794 1765 sensum,
826 1730 903 1755 nec
922 1725 1061 1754 tamen
1095 1718 1285 1767 praecise
1321 1718 1373 1757 ad
1399 1720 1572 1774 Graeca,

100 1787 210 1824 quae
236 1774 473 1812 orationem
497 1787 583 1811 non
608 1772 855 1824 dispescunt
875 1773 918 1809 in
939 1771 1023 1810 duo
1046 1772 1244 1816 membra.
1275 1774 1439 1815 Rmrz.
1501 1779 1576 1818 So-

98 1829 232 1869 lanum
256 1839 296 1867 et
326 1829 528 1867 Ver-stium
557 1828 714 1866 rectius
740 1828 973 1881 judicasse,
1008 1841 1133 1880 quarn
1156 1828 1376 1880 Reitzinm,
1411 1836 1574 1888 perspi.

98 1900 175 1925 cue
208 1884 441 1924 ostendunt
471 1884 664 1924 Codices.
702 1885 747 1922 In
772 1884 817 1923 C.
841 1888 964 1927 2954.
997 1884 1267 1924 intervallum
1302 1888 1413 1927 inter
1443 1888 1573 1943 εἷσφα..

97 1946 175 1989 λῶς
193 1951 234 1981 et
256 1938 387 1993 ἀμέλει
406 1956 587 1979 vacuum
611 1941 803 1979 relictum
825 1940 1086 1979 subobscure
1106 1940 1268 1980 indicat
1286 1945 1472 1984 nominis
1496 1962 1572 1986 no·

97 2008 183 2037 tam
210 2000 405 2036 omissam
422 2031 432 2048 ‚
466 2012 572 2049 quae
597 1997 750 2035 clarius
776 1997 979 2036 inseritur
1001 1997 1044 2034 in
1072 1998 1116 2034 P.
1144 1997 1215 2035 sed
1239 1999 1322 2050 ita,
1358 2011 1404 2039 ut
1430 2001 1573 2056 CyniS„

99 2058 137 2095 ci
159 2068 336 2107 persona
362 2054 644 2107 significetur,
679 2054 748 2091 cui
772 2054 910 2091 minus
934 2053 1196 2092 conveniunt
1222 2055 1302 2093 ista
1325 2056 1452 2108 dicta,
1487 2075 1570 2099 me-

96 2112 181 2150 lius
198 2143 207 2159 ‚
239 2114 306 2150 vel
326 2112 471 2163 potius
493 2110 619 2147 unice
640 2120 772 2159 recte,
808 2109 1001 2160 Char-oni,
1035 2124 1155 2163 quem
1181 2123 1421 2151 monstrant
1445 2121 1570 2159 3011.

98 2178 139 2208 et
163 2168 282 2206 Gorl.
312 2166 440 2221 Quod
471 2167 514 2204 in
543 2167 666 2205 Gorl.
699 2169 764 2207 καὶ
785 2176 880 2205 ante
903 2164 1012 2214 ὅπως
1040 2165 1178 2215 deest,
1224 2176 1375 2208 temere
1408 2170 1449 2209 id
1477 2173 1570 2210 fac-

96 2235 185 2264 tum
214 2223 395 2264 videtur.
456 2222 536 2261 Sed
562 2221 747 2260 nondum
777 2222 1093 2275 acquiescentes
1118 2222 1206 2260 Viri
1232 2227 1430 2264 nonnulli
1452 2227 1568 2268 docti

97 2281 142 2319 in
164 2280 244 2318 hac
270 2289 426 2318 mutata
455 2279 539 2317 loci
563 2279 698 2328 facie,
733 2279 856 2318 etiam
881 2277 1006 2317 verba
1028 2276 1184 2320 καὶτὸν
1207 2282 1312 2321 δεῖνα
1330 2291 1566 2326 tentarunt.

96 2338 154 2375 Et
175 2336 338 2376 Belinus
361 2335 554 2390 quidem,
591 2335 664 2387 qui
689 2349 774 2374 non
800 2335 1079 2388 intelligeret,
1112 2337 1209 2388 quis
1235 2337 1306 2376 ille
1327 2335 1349 2380 ὁ
1371 2342 1478 2380 δεῖνα
1500 2356 1568 2380 es-

97 2402 182 2440 set,
216 2394 367 2432 maluit
389 2393 454 2433 καὶ
477 2390 519 2432 τὸ
545 2394 685 2442 δεῖμα,
717 2394 783 2430 vel
814 2390 958 2443 potius
993 2393 1110 2443 ὁέμα,
1144 2392 1256 2446 quod
1287 2408 1338 2433 ex
1373 2397 1568 2438 versione

98 2452 211 2502 ejus:
244 2450 450 2506 affluent,
486 2448 696 2497 conjicere
721 2448 844 2494 licet,
877 2457 918 2486 et
944 2446 1144 2501 deinceps
1171 2446 1281 2497 ὅπως
1303 2449 1492 2503 ἀσφαλῶς
1509 2457 1565 2493 le-

98 2507 140 2560 gi
164 2507 310 2558 jussit,
346 2506 502 2543 omisso
523 2506 602 2545 καί.
634 2503 938 2541 Infelicissime
960 2504 1178 2556 profecto,
1211 2515 1252 2544 et
1273 2509 1452 2548 maxime
1466 2524 1565 2548 con-

97 2572 224 2601 torte.
288 2562 396 2615 Quis
419 2562 530 2601 enim
557 2575 712 2613 quaeso
735 2561 841 2598 ferat
874 2561 970 2611 δέμα
1001 2559 1078 2598 hac
1113 2561 1282 2614 quidem
1318 2568 1562 2616 potestate?

98 2627 139 2657 et
164 2618 258 2670 quis
281 2629 365 2655 tum
396 2620 492 2671 δὲμα
517 2619 720 2670 δέχεσθαι,
754 2618 1029 2669 conjunctum
1067 2631 1159 2655 cum
1190 2619 1371 2671 δέχεσθαι
1399 2622 1563 2675 φεκρώυὶ

97 2675 197 2713 IN'on
233 2676 382 2712 melius
406 2689 468 2713 res
497 2676 693 2713 (joarim-150
727 2672 775 2710 arl
806 2674 914 2711 Luc.
946 2673 1062 2712 Asin.
1084 2688 1123 2726 p.
1147 2679 1243 2717 309.
1283 2678 1436 2727 cessit,
1472 2680 1560 2731 qui,

97 2744 290 2769 mancum
314 2729 472 2769 habens
499 2733 639 2770 locum
657 2761 668 2782 ‚
703 2728 1002 2784 corrigendum
1029 2741 1241 2780 censeret,
1275 2737 1423 2777 καίτοι
1454 2735 1564 2778 δεινὰ

1144 2788 1181 2840 Q
1206 2803 1228 2840 ἰ
1261 2794 1287 2832 2
