1781 3174
236 189 337 236 382
590 195 1346 234 Auno'rs‘rionsss

235 355 270 395 B
348 296 453 340 Eaa.
485 300 515 342 1.
545 301 586 346 9.
628 292 806 354 Ἀγαθὸν
844 292 973 354 εἶναι)
1020 294 1121 335 Ηοο
1153 294 1466 350 Peripateticis
1515 294 1697 338 videtur,

276 369 382 394 ROD-

349 444 454 484 Ead.
486 447 516 482 1.
540 439 708 492 11.“Ος
725 442 795 498 γε’)
833 441 1011 483 Mallem
1042 439 1095 492 ὥς
1121 459 1175 497 γε.
1215 442 1383 482 SOLAN.
1455 440 1698 482 Intercedo.

224 500 318 551 ‘'‘Og
345 518 398 557 ys
424 509 524 554 post
552 499 932 553 interrogationem
961 502 1030 539 vel
1048 498 1529 556 exclamationemssene
1545 498 1699 538 Lucia·

234 574 363 598 neum
383 567 458 600 est.
478 556 614 595 Diall.
638 557 772 596 Deor.
801 556 970 607 XXVI,
998 562 1037 599 2.
1076 553 1135 597 Οὐ
1167 554 1350 607 ξυνετὴν,
1383 557 1414 597 ὠ
1440 552 1591 610 Ἑρμῆ,
1621 552 1695 607 τὴν

235 614 365 669 νομήν
379 630 388 639 ·
422 631 442 655 ο
456 615 476 655 ἵ
500 630 524 667 y
538 630 554 654 ε
590 609 679 655 οὐδ’
702 610 875 665 ’ὄψονται
892 623 971 653 etc.
994 612 1118 653 Char.
1141 627 1176 653 c.
1195 617 1264 657 24.
1285 608 1338 655 Ὦ,
1356 616 1428 667 τῆς
1449 608 1604 664 ἀνοίας,
1637 611 1701 654 οἵ·

235 689 289 729 γε
319 667 397 713 οὐκ
419 672 554 712 ἴσασιν
571 679 651 708 etc.
691 670 850 708 LEHM.

349 760 456 804 Eacl.
484 763 600 803 l-12.
627 756 808 801 ’Λκούων
841 758 1062 815 ἐναντίων)
1098 760 1196 798 Hoc
1227 759 1263 798 si
1296 758 1546 799 mendosum
1577 757 1704 813 quid-

237 819 331 859 dam
351 818 512 856 tinnire
530 816 678 854 multis
699 816 873 869 probem
886 849 896 865 ‚
928 814 1120 856 diffidere
1140 815 1287 855 videar
1307 816 1494 855 acumini
1512 815 1702 855 lectoris.

234 873 519 917 Scribendum
550 882 636 922 est,
669 882 718 911 ut
746 887 822 911 sua
848 873 1033 912 Luciano
1061 887 1207 910 manus
1234 882 1422 924 constet,
1456 869 1623 914 ἆκούων
1641 872 1703 913 ’ἒν-

234 935 410 974 αυτίων·
443 939 560 969 tanta
588 929 674 981 ipsi
695 929 1000 968 vocabulorum
1032 929 1224 968 inanium
1251 928 1448 984 stribligo
1473 929 1614 968 fuerat
1635 928 1701 966 in-

237 998 380 1044 gesta,
428 997 478 1026 ut
511 984 678 1024 auditio
718 985 972 1040 quotidiana
1009 999 1207 1025 nauseam
1242 985 1461 1025 excitaret.
1530 986 1701 1024 Demetr.

234 1046 327 1098 περὶ
342 1042 457 1098 Ἑρμ.
480 1046 515 1095 §.
535 1047 599 1087 15.
624 1044 706 1084 οἵτε
728 1041 949 1091 ἀκούοντες
968 1046 1158 1083 ναυτιῶσι
1178 1040 1243 1083 διὰ
1261 1040 1305 1083 τὸ
1327 1040 1550 1084 ἀπίθανον.
1597 1043 1704 1079 Eam

234 1101 445 1155 loquendi
485 1101 710 1138 formulam
752 1099 859 1140 alibi
889 1112 1061 1152 quoque
1094 1099 1241 1139 Nostro
1276 1098 1510 1151 placuisse,
1562 1096 1704 1137 Index

234 1156 600 1197 commonstrabit.
660 1155 814 1208 Neque
848 1156 1013 1195 minus.
1043 1164 1094 1193 ut
1120 1169 1329 1209 auguror,
1362 1154 1471 1193 mihi
1500 1153 1703 1193 successit

234 1214 341 1253 haec
372 1211 640 1259 emendatio,
671 1226 794 1266 quam
821 1211 991 1251 chstero
1014 1212 1155 1250 Praef.
1179 1210 1230 1250 ad
1253 1210 1466 1250 Jamblick.
1497 1211 1607 1250 idem
1633 1225 1703 1250 re-

234 1270 436 1310 stituenti
465 1267 640 1308 verbum
671 1269 715 1306 in
736 1268 958 1323 Phrynicho
979 1283 1020 1321 p-
1044 1274 1112 1312 32.
1136 1270 1352 1310 ἐναυτίασα
1378 1272 1497 1310 τοῦτο
1525 1264 1705 1315 ἀκούσας

230 1324 438 1379 τοῦνομα,
478 1323 554 1363 ubi
584 1327 715 1378 vulgo
747 1325 992 1379 legebatur,
1033 1321 1268 1377 ἦναντίασα.
1317 1323 1414 1373 (Cf.
1447 1323 1618 1364 Loheck.
1650 1323 1703 1361 ad

233 1383 441 1438 leynich,
469 1385 496 1420 1.
521 1384 548 1420 l.
576 1396 616 1434 p.
639 1385 731 1424 194.
763 1391 804 1419 et
830 1381 940 1421 Bast.
965 1380 1163 1420 Adverss.
1192 1380 1298 1420 Riss.
1321 1380 1365 1417 in
1389 1380 1587 1434 Scapulae
1607 1379 1705 1419 edi-

233 1441 355 1479 tione
389 1437 633 1478 Oxoniensi
662 1437 896 1479 novissima
919 1451 948 1479 s,
971 1451 1010 1479 v,
1033 1439 1231 1494 ἐνανπιᾷν.
1262 1437 1451 1486 LEHM.)
1506 1437 1704 1476 Ceterum

237 1506 280 1535 et
309 1495 502 1550 proxima
529 1494 639 1533 vitio
675 1493 865 1533 laborare
907 1494 1035 1532 facile
1066 1494 1163 1548 quis
1196 1493 1359 1543 credat,
1406 1493 1442 1531 si
1473 1494 1702 1532 lectionem

234 1552 529 1592 Florentinam
562 1559 724 1589 attente
760 1549 1066 1597 considerarit;
1102 1565 1210 1604 quae
1237 1549 1408 1604 quidem
1439 1564 1489 1588 eo
1519 1564 1595 1588 nos
1628 1548 1704 1587 du-

235 1623 331 1649 cere
354 1607 545 1657 videtur,
579 1616 628 1644 ut
650 1606 942 1646 existimemus
964 1620 1128 1645 versum
1159 1621 1292 1644 unum
1321 1615 1364 1644 et
1382 1607 1496 1644 forte
1524 1608 1703 1644 alterum

233 1666 436 1720 periisse3
469 1678 566 1701 nam
588 1662 694 1702 istae
720 1662 954 1714 particulae
980 1664 1069 1712 περὶ
1091 1663 1165 1717 μὲν
1190 1660 1266 1718 γάρ
1287 1680 1348 1704 τοι
1377 1662 1610 1701 consistere
1632 1676 1705 1700 ne-

235 1730 425 1775 queunt,
469 1719 555 1758 nisi
596 1718 713 1757 aliud
740 1719 962 1772 quippiam
997 1720 1292 1769 antecesserit,
1335 1718 1405 1757 cui
1439 1718 1703 1757 innitantur:

231 1787 417 1818 veterem
446 1776 700 1828 scripturam
729 1774 866 1814 Aldus
893 1789 945 1814 ex
977 1774 1154 1830 ingenio
1187 1774 1438 1823 mutaverit,
1470 1788 1521 1812 an
1542 1775 1703 1828 scripto

234 1833 407 1884 codice,
438 1841 699 1884 compertum
731 1845 818 1869 non
844 1830 1004 1882 habe03
1035 1835 1180 1870 nestra
1199 1834 1345 1871 saltem
1368 1830 1705 1870 membranarum

233 1900 434 1943 excerpta
465 1891 626 1927 nullam
671 1887 848 1926 omnino
879 1888 1164 1927 variationem
1203 1888 1405 1926 offerunt.
1482 1887 1706 1926 Praeterea

234 1951 382 1990 δεινῶν
404 1944 510 1999 quid
535 1945 580 1983 in
611 1944 691 1983 hac
713 1944 908 1983 oratione
929 1947 1091 1992 valeat,
1124 1945 1344 1998 explicatu
1365 1957 1566 1997 perquam
1589 1941 1706 1981 diffi-

232 2004 316 2044 cile
338 2001 533 2043 videtur:
573 2004 753 2056 legerem
772 2000 944 2055 potius,
979 2003 1061 2043 Καί
1080 2018 1142 2043 τοι
1162 2000 1324 2043 πάντων
1344 2001 1476 2042 ἐκεῖνο
1500 1997 1705 2041 ἀτοπώτα-

231 2078 315 2111 τον,
348 2057 408 2101 ὅτι
427 2059 517 2112 περὶ
538 2062 618 2099 τῶν
638 2059 694 2099 ἐν.
713 2066 792 2097 etc.
855 2056 935 2096 Sed
961 2056 1081 2110 prius
1100 2058 1201 2096 libri
1222 2067 1386 2097 veteres
1409 2057 1453 2095 in
1475 2056 1704 2095 consilium

230 2116 397 2156 fuerint
420 2112 654 2154 adhibendi
669 2145 680 2165 ‚
713 2127 838 2166 quam
860 2114 964 2152 certi
988 2113 1214 2168 quicquam
1234 2113 1317 2153 hoc
1339 2113 1390 2152 de
1411 2116 1509 2152 loco
1532 2111 1703 2153 definiri

231 2173 384 2227 possit.
429 2173 613 2210 HEMST.
705 2169 1024 2209 Confirmarunt
1065 2170 1236 2223 quidem
1279 2168 1570 2208 Florentinam
1616 2167 1701 2206 duo

231 2228 357 2268 codd.
390 2228 568 2278 Pariss.‚
608 2240 630 2266 a
659 2225 800 2267 Belino
834 2226 996 2265 collati.
1067 2225 1364 2266 Nihilominus
1391 2224 1500 2263 mihi
1530 2222 1702 2277 quidem

230 2283 409 2324 videtur
440 2297 555 2323 error
587 2283 751 2323 librarii
777 2282 824 2321 in
854 2282 935 2320 hac
964 2281 1173 2336 scriptura
1201 2282 1392 2330 subesse,
1429 2280 1590 2334 quippe
1612 2281 1699 2334 qui,

233 2340 578 2380 antecedentium
591 2340 837 2379 verborum:
869 2339 959 2392 περὶ
977 2338 1047 2392 μὲν
1073 2338 1148 2394 γὰρ
1169 2343 1240 2381 τοῦ
1259 2335 1412 2389 κόσμου
1423 2347 1501 2376 etc.
1524 2350 1698 2386 memor,

232 2398 389 2436 similia
407 2395 686 2449 sequentibus
708 2395 948 2435 inseruerit,
1009 2394 1251 2436 Secundum
1275 2393 1474 2432 Aldinam
1495 2406 1595 2433 vero
1615 2401 1699 2432 tam

233 2452 343 2492 bene
375 2451 570 2505 procedit
603 2451 814 2501 narratio,
859 2461 909 2490 ut
940 2451 1017 2491 vix
1050 2451 1167 2490 aliud
1204 2448 1495 2503 deprehendas
1528 2448 1696 2497 vitium,

233 2523 362 2563 quam
397 2507 512 2561 quod
544 2508 730 2547 auctoris
765 2506 901 2561 ipsius
923 2507 1003 2555 sit;
1039 2506 1089 2546 de
1118 2521 1203 2561 quo
1233 2520 1371 2559 supra.
1428 2505 1539 2545 Nam
1572 2504 1700 2545 etiam

232 2579 382 2604 vocem
412 2567 553 2605 δεινῶν
582 2564 732 2603 lubens
760 2563 989 2617 suscipiam
1019 2562 1350 2611 defendendam,
1395 2576 1526 2616 quum
1557 2558 1699 2604 δεινὰ

233 2620 347 2674 apud
370 2620 611 2659 Lucianum
641 2620 817 2659 omnino
838 2620 924 2659 sint
943 2633 1014 2667 ea,
1049 2632 1157 2673 quae
1186 2621 1401 2672 vulgarem
1426 2618 1596 2657 modum
1618 2631 1700 2657 ex-

233 2676 412 2725 cedunt,
455 2685 582 2729 atque
615 2675 719 2715 adeo
757 2685 933 2729 propter
961 2675 1071 2714 hanc
1105 2675 1322 2713 insolitam
1360 2673 1697 2729 magnitudinem

234 2734 288 2778 in,
307 2732 629 2773 admirationem
655 2733 880 2773 incutiunt
905 2735 971 2774 vel
1005 2730 1271 2773 audientium
1301 2732 1368 2773 vel
1399 2729 1695 2785 spectantium,
