1781 3174
459 239 515 272 m
551 238 617 269 m:
653 236 885 271 MERCEDE
929 237 1212 274 CONDUcns.
1474 234 1575 283 627

100 354 198 379 nam
241 336 476 384 sententia,
530 349 638 390 quae
684 336 903 390 sequitur,
955 333 1202 391 ηὐφραίνετο
1249 334 1572 397 ἀναλογιζόμενοι

100 406 180 435 etc.
212 409 297 433 non
326 403 388 434 est
419 393 747 447 amplificativa‚
790 408 919 447 quum
952 396 1095 434 eadem
1125 409 1190 435 res
1217 402 1493 448 praecesserit
1520 403 1569 443 in

100 467 206 492 voce
231 449 306 492 οὔκ
325 447 459 502 οἷηδῶς
477 447 1045 505 μνημονεύοντες-,εεᾶεῐῃςυθ
1065 451 1249 504 ejusdem
1262 454 1435 507 gradusg
1460 462 1568 499 mul-

97 517 143 547 to
166 508 304 546 minus
336 517 397 545 est
420 505 707 556 adversativa,
742 506 812 546 sed
834 507 963 546 unice
986 507 1241 548 declarativa
1267 509 1485 565 habenda,
1518 515 1566 556 in

97 578 180 617 qua
203 559 301 604 ἄλλα
322 564 565 609 annuntiat,
600 562 716 616 quod
736 562 862 602 modo
884 566 1082 617 negative
1103 565 1265 604 dictum
1282 577 1371 606 erat
1392 567 1469 612 οὐκ
1488 569 1569 626 oin--

94 624 195 668 δαῖς,
226 619 338 659 idem
370 622 452 673 jam
482 618 733 659 affirmative
762 621 1083 672 pronuntiatum
1104 621 1181 670 iri,
1211 620 1290 677 γάρ
1312 634 1452 664 autem
1475 643 1562 669 rem

94 678 230 730 ipsam
257 675 422 714 indicat
447 679 528 728 jam
547 686 786 715 secuturam
812 690 923 726 esse,
957 676 1007 717 de
1029 691 1112 730 qua
1133 677 1329 719 homines
1350 681 1422 721 isti
1444 698 1562 724 nunc

92 731 336 772 laetandum
356 732 439 770 sibi
460 733 664 782 putarint.
725 733 805 771 Est
826 734 958 786 igitur
976 732 1017 773 h.
1038 736 1065 775 l.
1085 734 1193 773 illud
1209 736 1468 778 Latinorum
1483 741 1563 781 Sed

92 792 214 839 enim,
247 788 298 828 de
326 803 410 842 quo
434 789 714 842 Hoogeveenus
742 788 792 828 ad
821 790 953 842 Viger.
975 804 1016 842 p.
1038 794 1135 834 473.
1159 805 1245 830 non
1273 792 1449 835 indocte
1471 796 1562 836 dis-

88 855 227 900 putat,
287 845 493 884 Liberius
521 849 690 898 paullo,
723 860 859 900 neque
885 856 1022 885 tamen
1054 856 1201 886 contra
1225 850 1414 890 auctoris
1437 867 1563 892 men-

89 913 197 950 tem,
230 903 437 954 interpres
462 902 647 940 Latinus
678 902 828 941 vertit:
862 903 967 942 Sane
993 905 1108 943 enim.
1150 903 1357 958 Exempla
1384 908 1489 960 alia,
1521 910 1561 951 si

91 959 189 1012 quis
209 974 261 998 ex
286 968 434 997 nostro
464 958 672 1011 scriptore
695 957 928 1009 desideret,
959 959 1351 1013 suppeditabuntur
1370 963 1417 1003 in
1438 965 1562 1006 Indi-

88 1029 148 1055 ce.
178 1017 335 1065 Lmnu.

199 1072 303 1111 Ibisl.
338 1067 650 1124 Ηῦφραίνοντο)
682 1070 752 1110 Sic
770 1071 1009 1111 necessario
1032 1072 1281 1113 mutandum
1302 1089 1390 1116 esse
1410 1079 1560 1120 existi·

88 1143 180 1176 mo,
215 1127 329 1180 quod
356 1129 400 1165 in
427 1130 492 1166 M.
517 1137 559 1166 et
580 1127 691 1167 Edd.
713 1137 801 1167 erat
832 1125 946 1180 εὐφρ.
1009 1129 1108 1168 Vid.
1137 1139 1276 1170 tamen
1304 1131 1415 1172 Grot.
1440 1136 1556 1177 Flor.

89 1190 184 1228 127.
206 1185 254 1224 C.
278 1185 476 1223 Demosth.
498 1199 537 1237 p.
562 1200 613 1225 m.
638 1187 729 1228 185.
750 1185 799 1224 Β.
822 1187 1134 1240 συνευφραίνετο
1155 1193 1239 1237 τοῖς
1256 1193 1430 1240 πολλοῖς.
1474 1192 1558 1233 Sed

87 1242 133 1280 in
153 1241 221 1280 his
247 1241 440 1280 omnibus
460 1241 627 1293 peccari
654 1240 792 1282 credo.
828 1242 997 1281 SOLAN.

198 1298 302 1338 Ibid.
340 1300 447 1339 Οἴων
475 1294 792 1352 ἀπηλλάγησαν)
825 1298 897 1336 Sic
929 1297 1173 1350 saepissime
1200 1300 1292 1341 sine
1318 1305 1553 1357 praeposit.

83 1353 144 1392 Ut
169 1354 281 1392 infra
303 1354 492 1405 Philops.
517 1368 551 1393 c,
579 1359 642 1397 16.
669 1350 931 1395 ἀπαλλάττειν
962 1357 1103 1396 δεινῶν
1132 1355 1299 1396 liberare
1329 1362 1558 1412 agravibus

82 1410 226 1460 malis,
258 1420 298 1449 et
321 1410 422 1448 alibi
441 1423 528 1448 non
554 1413 696 1450 semel.
758 1411 829 1448 Sic
860 1410 1083 1450 Herodian.
1107 1412 1163 1451 L.
1182 1419 1222 1462 2,
1260 1419 1298 1462 1,
1334 1420 1397 1458 17,
1431 1415 1558 1460 ἀπαλ-

80 1466 251 1516 λάξομαι,
269 1466 419 1520 φόβου.
466 1465 685 1505 Interdum
708 1476 846 1505 tamen
868 1481 961 1504 cum
984 1468 1215 1520 praeposit.
1260 1469 1321 1508 Ut
1339 1486 1406 1524 ap.
1428 1473 1556 1516 Isocr.

82 1523 135 1563 ad
156 1525 341 1563 Demon.
365 1537 404 1575 p.
430 1526 496 1565 19.
518 1523 565 1564 Β.
592 1522 654 1564 ed.
686 1523 808 1576 lVolf]
837 1523 880 1564 ἐκ
899 1527 979 1564 τῶν
1009 1528 1161 1566 κοινῶν
1178 1526 1409 1578 ἐπιμελειῶν
1429 1527 1557 1572 ἆπαλ-

79 1578 243 1631 λάττου,
277 1595 301 1618 α
316 1579 425 1633 publ.
439 1579 724 1634 functionibus
746 1591 779 1617 te
801 1578 944 1629 libera,
980 1579 1144 1620 discede.
1205 1583 1305 1623 Alia
1328 1598 1453 1638 super
1472 1585 1558 1627 hoc

81 1636 214 1678 verbo
242 1636 328 1675 vid.
353 1635 405 1674 ad
428 1650 462 1674 e.
487 1641 554 1679 23.
579 1635 703 1688 hujus
723 1636 840 1673 Dial.
890 1637 1055 1676 anTz.

194 1693 297 1732 Eacl.
321 1695 346 1732 l.
372 1697 435 1734 10.
465 1690 545 1732 Aac}
569 1690 725 1745 πάσης)
765 1697 846 1745 Τῆς
873 1697 1028 1745 τελετῆς
1049 1694 1289 1748 ἐξέρχεσθαι.
1349 1696 1554 1743 Proverb.

83 1747 135 1788 de
155 1764 240 1803 quo
262 1762 445 1800 paroem.
488 1748 664 1787 Bomm.

194 1805 297 1845 Eacl.
323 1807 353 1844 l.
377 1811 440 1847 11.
478 1801 833 1858 Διεξεληλυθότες)
865 1804 934 1844 Sic
955 1805 1028 1847 VV.
1051 1815 1093 1844 et
1115 1805 1164 1849 V.
1189 1816 1314 1850 recte.
1373 1808 1428 1848 In
1452 1812 1561 1851 reli?

81 1862 176 1917 quis
198 1871 363 1899 tantum
383 1860 672 1913 ἐξεληλυθότες.
719 1861 883 1900 SOLAN.

194 1917 456 1970 Pag.229.1.
479 1925 514 1960 1.
543 1915 806 1970 Ἑξυρημένοι
832 1916 902 1965 τὰς
931 1915 1137 1970 κεφαλάς)
1171 1917 1300 1972 Quod
1330 1935 1353 1959 a
1384 1924 1557 1963 naufra-

83 1974 147 2026 gis
178 1975 366 2012 factitari
389 1975 564 2012 solitum
595 1973 752 2012 dudum
776 1974 1066 2028 probavimus.
1098 1975 1242 2015 BnoD.
1302 1977 1474 2018 Herum.
1502 1981 1556 2020 ad

81 2029 272 2071 ΖΠαι-ίίαἷ.
295 2029 384 2068 dixi
406 2029 457 2068 ad
481 2031 634 2069 Γᾶν-οη.
657 2028 700 2071 τὸ
724 2030 799 2085 γὰρ
819 2030 991 2072 παλαιὸν
1017 2033 1057 2072 οἵ
1072 2030 1372 2086 ναυαγήσαντες
1392 2033 1558 2090 ἅνθρω-

82 2103 155 2128 ποι
174 2083 340 2141 τοιούτῳ
367 2088 575 2140 ἐκέχρηντο
598 2086 764 2139 σχήματι
783 2086 887 2140 πρὸς
908 2093 989 2136 τοῖς·
1012 2090 1133 2138 ἱεροῖς
1152 2091 1375 2142 καθήμενοι
1396 2093 1463 2133 καὶ
1483 2092 1557 2146 τήν

85 2139 212 2194 αὐτὴν
238 2141 359 2194 τύχην
397 2139 707 2195 ὀλοφυρόμενοι.
749 2146 925 2184 Bouun.
998 2143 1231 2198 Naufragis
1264 2145 1356 2184 radi
1390 2149 1557 2188 solebat

85 2209 237 2252 caput,
272 2209 320 2237 ut
339 2214 424 2237 non
460 2199 586 2238 modo
606 2215 657 2239 ex
688 2200 772 2238 hoc
804 2204 900 2239 loco
930 2210 1067 2252 patet,
1100 2200 1172 2240 sed
1200 2201 1327 2240 etiam
1352 2218 1406 2242 ex
1431 2206 1551 2245 Dial.

86 2255 138 2294 de
160 2256 294 2294 Sectis
320 2270 350 2293 c.
379 2261 446 2299 86.
468 2256 542 2293 ubi
566 2257 880 2304 Hermotimus,
914 2261 1036 2298 Λοκῶ
1064 2258 1106 2299 δέ
1134 2275 1201 2309 μοι
1229 2255 1384 2313 ἀλόγως
1409 2257 1460 2301 ὂῖν
1488 2264 1557 2303 καὶ

84 2312 336 2365 ξυρήσασθαι
356 2311 429 2364 τήν
450 2314 654 2363 κεφαλήν,
687 2312 812 2365 ὥςπερ
833 2317 874 2354 οἱ
892 2315 934 2354 ἐκ
950 2318 1030 2354 τῶν
1050 2317 1254 2368 ναυαγίων
1271 2312 1557 2366 ἀποσωθέντες

83 2368 311 2423 ἐλεύθεροι·
355 2383 532 2422 eamque
558 2371 779 2408 caesariem
815 2370 916 2408 Diis
944 2370 1118 2409 marinis
1153 2373 1393 2412 consecrari
1421 2375 1554 2414 moris

86 2434 189 2463 erat.
249 2426 415 2464 Auctor
434 2426 478 2464 in
500 2426 648 2480 Epigr.
673 2425 722 2465 de
739 2425 990 2480 Naufragis:

305 2479 470 2534 Γλαύκῳ
495 2484 561 2523 καὶ
586 2487 730 2535 Νηρεῖ,
762 2478 970 2533 καὶἸνοῑ,
1000 2483 1068 2524 καὶ
1091 2485 1333 2539 Μελικέρτῃ,

366 2541 446 2580 Καὶ
468 2542 601 2592 βνθίῳ
624 2541 804 2595 Κρονίδῃ
831 2541 895 2580 καὶ
926 2537 1165 2596 Σαμόθρῇηξι
1187 2547 1319 2590 θεοῖς,

306 2597 466 2643 Σωθεὶς
484 2597 526 2637 ἐκ
552 2593 764 2650 Πελάγους
781 2598 1041 2644 Λουκίλλιος.
1076 2598 1151 2638 ὠδε
1169 2598 1363 2651 κέκαρμαι

373 2651 451 2699 Τεὶς
471 2655 605 2705 τρίχας
634 2654 675 2693 ἐκ
696 2656 891 2704 κεφαλῆς·
922 2650 1014 2694 ἄλλο
1038 2650 1113 2707 γὰρ
1137 2649 1252 2694 οὐδὲν
1269 2656 1357 2707 ἔχω.

88 2706 188 2746 Vid.
211 2706 335 2745 etiam
362 2708 495 2747 Madv.
520 2710 611 2749 ἄκη.
636 2710 840 2748 deComa.
874 2711 921 2750 L.
942 2712 1047 2748 Bos.
1109 2711 1179 2749 De
1198 2711 1299 2749 rasis
1323 2712 1556 2768 naufrago-

87 2778 181 2803 rum
201 2763 412 2817 capitibus
436 2764 521 2806 vid.
546 2766 627 2806 viri
653 2766 769 2805 docti
794 2766 842 2805 ad
865 2766 1018 2808 fetu-on.
1042 2779 1076 2805 c.
1099 2773 1190 2810 204.
1235 2767 1370 2809 (ἔμεν.

1140 2825 1175 2862 Β
1199 2837 1217 2862 r
1251 2830 1277 2867 2
