1781 3174
157 196 259 247 582
514 209 1274 244 ADNo'raronEs

272 306 377 351 Ῑόἰι-ἶ.
412 310 667 366 Σκυθρωποὶ
686 309 778 358 εἰσι)
808 307 934 348 Utin
956 307 1129 365 Nigrin.
1151 318 1193 348 et
1208 306 1388 362 Lapith.
1412 315 1454 348 et
1473 307 1630 362 passim

161 365 276 408 alibi.
309 368 490 407 Eoum).

277 445 381 487 Εαιῖ.
408 448 433 485 l.
464 451 505 490 9.
546 446 739 496 APET.)
783 444 953 484 Virtutis
985 459 1165 498 persona
1197 459 1283 482 non
1316 444 1374 483 ita
1410 443 1630 483 commode

163 502 248 542 huc
269 502 502 542 convenire
520 501 711 542 videtur:
742 504 869 556 longe
888 502 1038 540 melius
1062 505 1190 540 altera
1216 502 1419 541 Veritatis.
1479 502 1629 540 Muta-

163 559 279 598 tioni
312 560 577 599 occasionem
607 557 827 612 praebuit,
871 557 985 613 quod
1016 558 1211 611 proxime
1244 560 1295 596 ab
1328 557 1411 596 hoc
1436 571 1629 597 sermone

161 615 375 656 Virtutem
397 615 630 669 alloquitur
648 614 944 666 Philosophia,
977 615 1046 653 cui
1066 613 1248 667 proinde
1266 613 1513 666 responderi
1534 628 1627 652 curn

160 681 332 725 putaret
357 671 539 725 aliquis,
570 685 792 737 personam
816 671 889 710 hic
912 682 1065 711 temere
1086 671 1279 709 mutavit.
1313 670 1479 724 Quidni
1501 670 1629 718 enim,

159 738 258 782 post
286 729 477 769 Veritatis
499 728 820 777 testimonium,
853 730 1024 767 alteram
1047 742 1165 767 suam
1187 726 1400 778 sodalem,
1434 727 1630 766 Virtutem

159 787 405 840 alloquatur
431 784 748 838 Philosophia?
782 784 919 824 GEsN

271 864 422 904 EacZ.l.
451 869 517 908 10
553 862 665 906 Karon
686 868 847 918 τῆςγῆς
868 863 1016 917 δυναι)
1046 862 1116 904 Sic
1147 862 1196 902 de
1219 861 1409 903 Merced.
1432 832 1631 904 conduct

156 919 276 976 (cap.
301 921 395 976 18.)
428 920 519 979 εῧχη
545 922 586 964 δὲ
607 939 632 974 ἠ
660 926 810 978 σεισμῷ
839 927 1056 974 συμπεσεῖν
1088 922 1217 962 ἐκεῖνα
1246 918 1389 961 πάντα.
1451 919 1521 957 Slc
1551 918 1632 957 ad-

159 991 306 1017 versus
331 977 500 1018 Indoct·
525 982 645 1030 (τδρ.
672 984 736 1022 18
755 977 772 1034 )
795 975 888 1034 εὔξῃ
916 977 1003 1021 τότε
1020 985 1151 1032 χανεῖν
1170 992 1234 1019 σοι
1259 975 1332 1026 τὴν
1354 993 1430 1031 γην
1447 972 1548 1017 κατὰ
1573 989 1632 1016 σε·

159 1038 300 1078 αυτοῦ.
331 1034 400 1074 Sic
422 1036 556 1076 Dian
576 1036 709 1075 Merr.
733 1035 841 1090 (IX,
861 1033 932 1085 3.)
957 1040 1042 1083 πῶς
1061 1034 1110 1076 ἄν
1131 1032 1214 1088 μεή
1235 1039 1285 1089 γῆ
1301 1035 1508 1083 καταπίοι,·
1539 1032 1630 1071 ead.

158 1090 204 1129 in
234 1091 422 1131 ConviV.
448 1094 511 1144 (c,
537 1094 634 1142 28.)
666 1090 740 1132 Sic
762 1091 875 1144 apud
897 1091 1060 1133 ,Heliocl
1082 1092 1158 1135 lib.
1183 1097 1219 1134 1.
1248 1088 1433 1159 ηὐχόμην
1455 1090 1495 1132 δὲ
1514 1107 1632 1132 κατα-

159 1149 281 1189 δῦναι
303 1152 464 1201 μᾶλλον.
526 1147 699 1187 Habent
721 1162 772 1187 ex
802 1148 969 1187 Homeri
990 1147 1111 1188 Iliad.
1135 1153 1176 1192 4.
1214 1145 1300 1190 τότε
1328 1165 1398 1202 μοι.
1423 1146 1540 1201 χάνοι
1568 1143 1635 1190 εὖ-

158 1209 244 1260 esta
262 1203 386 1258 χθών
447 1203 597 1246 Simile
618 1203 727 1243 illud
750 1214 812 1244 est
834 1205 990 1260 Aesclz)
984 1205 1024 1244 Ζι·
1045 1205 1192 1260 Suppl.

381 1263 544 1315 Θέλοιμι
565 1259 604 1303 δ’
628 1259 678 1302 1322
698 1264 897 1329 μορσίμου

378 1316 536 1374 Βρόχου
556 1323 686 1373 τυχεῖν
702 1319 744 1360 ἐν
767 1317 1000 1374 σαργάναις

153 1373 334 1414 BounD.

266 1441 368 1496 Pag.
391 1447 484 1486 172.
507 1444 534 1483 l.
558 1449 598 1488 3.
627 1438 796 1496 Ἀρετὴ)
825 1443 944 1481 Haec
967 1441 1089 1495 loqui
1111 1440 1286 1481 decebat
1308 1442 1546 1493 Veritatem,
1577 1441 1631 1482 ad

154 1512 278 1553 quam
300 1507 448 1538 testem
474 1509 727 1552 provocarat
744 1497 1055 1538 Parrhesiades.
1117 1499 1293 1538 Servavi
1325 1509 1463 1539 tamen
1495 1501 1631 1540 libro-

153 1569 246 1594 rum
270 1556 554 1609 scripturamg
587 1555 832 1609 praesertim
852 1570 946 1593 curn
983 1568 1086 1593 mox
1116 1554 1401 1609 Philosophia
1434 1557 1630 1596 Virtutem

153 1613 350 1665 appellet.
412 1612 494 1653 Sed
519 1612 581 1650 ibi
604 1627 680 1664 pro
711 1611 996 1664 Philosophia
1029 1612 1245 1650 Veritatem
1272 1613 1394 1666 loqui
1430 1613 1630 1654 credide-

152 1669 249 1707 rim.
312 1667 436 1707 Certe
461 1669 619 1706 alieubi
640 1672 840 1722 loquatur
871 1675 1066 1720 oportet,
1100 1668 1185 1706 nisi
1215 1676 1436 1720 personam
1469 1681 1628 1710 mutam

154 1738 177 1763 a
208 1724 408 1764 Luciauo
437 1724 655 1763 inductam
676 1738 866 1774 censeas,
901 1726 1021 1777 cujus
1042 1738 1170 1777 opera
1204 1726 1474 1777 potissimum
1506 1727 1630 1765 indi-

153 1779 291 1835 gebat.
323 1780 497 1822 SOLAN.
559 1781 603 1820 Si
631 1795 757 1834 supra
785 1795 965 1847 persona
1002 1785 1084 1821 ΛΡ.
1114 1780 1316 1819 mutanda
1346 1781 1455 1826 fuit,
1488 1793 1529 1822 et
1557 1784 1629 1823 hic

151 1836 470 1876 rescribendum
496 1838 578 1877 erit
601 1835 773 1890 ἀλήθεια
796 1852 871 1890 pro
894 1834 1027 1889 ἀρετη.
1060 1838 1181 1875 an
1189 1852 1223 1878 Ζ.
1287 1838 1361 1892 Sey
1353 1838 1507 1878 holdas
1527 1839 1633 1880 haec

153 1892 406 1934 adnotavss.
438 1925 467 1944 „
476 1889 691 1946 Ἀληθειαν
710 1909 788 1932 nec
809 1893 906 1931 heic
928 1908 1005 1933 neo
1028 1896 1174 1945 paullo
1195 1894 1377 1933 inferius
1398 1896 1532 1949 loqui,
1557 1898 1633 1935 mi-

152 1949 235 1989 rati
259 1960 359 1988 sunt
381 1950 570 1990 Gesnerus
591 1961 634 1990 et
665 1952 804 1991 Illoses
826 1949 912 1990 Sol.
939 1964 990 1988 ex
1024 1949 1107 1988 hoc
1137 1951 1319 2009 maxime
1354 1963 1631 2004 argumento,

154 2005 272 2060 quod
295 2007 593 2047 Parrhesiades
614 2006 858 2046 evocaverit
877 2021 993 2055 eam,
1027 2015 1075 2043 ut
1098 2021 1170 2054 ea,
1206 2022 1312 2060 quae
1341 2006 1534 2047 dixerit
1523 2024 1630 2062 ipse,

153 2077 252 2101 vera
275 2076 365 2103 esse
392 2073 583 2104 testetur.
615 2063 673 2102 At
699 2063 829 2101 obliti
853 2061 1056 2102 videntur
1078 2062 1139 2112 hi,
1164 2078 1270 2118 quos
1294 2063 1366 2102 vix
1391 2066 1638 2118 quisquam,

154 2132 280 2172 quam
309 2133 417 2174 ego,
451 2121 584 2175 magis
615 2119 830 2167 aestimet,
871 2119 992 2168 Viri,
1035 2121 1178 2158 omnia
1219 2119 1324 2159 haec
1353 2130 1451 2160 ante
1483 2126 1632 2162 oculos

155 2175 280 2227 quasi
306 2185 474 2214 nostros
497 2177 583 2241 agi:
615 2175 719 2214 hinc
740 2190 828 2215 non
851 2189 958 2229 opus
982 2185 1065 2226 est,
1100 2186 1148 2214 ut
1171 2190 1232 2226 ea,
1267 2177 1387 2231 queis
1408 2178 1632 2218 Lucianus

150 2231 445 2301 Philosophos
489 2232 640 2286 petiit,
694 2231 872 2270 crimina
905 2232 968 2270 sic
999 2246 1042 2270 se
1076 2231 1252 2282 habere,
1298 2233 1423 2272 mois
1453 2244 1632 2275 testetur

150 2284 360 2340 Ἀλήθεια·
392 2298 562 2342 poterat
582 2289 696 2328 enim
718 2288 761 2326 id
786 2291 853 2327 vel
878 2299 993 2338 nutu,
1026 2298 1068 2328 et
1089 2291 1227 2327 annuit
1249 2290 1341 2327 sine
1363 2289 1510 2330 dubio.
1552 2290 1632 2330 Ce-

154 2353 291 2383 terum
315 2344 431 2412 quod
453 2344 563 2384 idem
584 2346 732 2383 Moses
755 2345 857 2398 (se)
878 2344 1142 2393 ait,aZicul1i
1166 2345 1352 2398 loquatur·
1371 2357 1519 2398 oportet
1544 2348 1590 2385 Ῑ
1584 2365 1633 2386 e-

155 2403 273 2449 ritas,
315 2404 393 2440 nisi
412 2418 621 2454 personam
642 2412 792 2439 mutam
809 2417 834 2439 α
865 2375 1048 2440 Luc'iano
1074 2401 1276 2440 inductam
1310 2418 1375 2440 cen
1379 2418 1488 2452 scaffs·
1523 2408 1634 2457 cujus

154 2471 271 2509 opera
291 2460 537 2510 potissimum
571 2457 793 2510 infligebat,
841 2458 1058 2496 immemor
1091 2467 1178 2496 erat
1211 2472 1378 2506 eorum,
1413 2473 1519 2512 quae
1548 2463 1631 2512 jam

154 2515 353 2564 superius
382 2518 527 2553 locuta
561 2524 624 2553 est
645 2515 741 2552 Dea
772 2514 951 2552 Veritas.
969 2517 997 2535 “
1055 2514 1217 2553 Melius
1249 2513 1419 2553 Solemus
1450 2514 1633 2556 dixisset

153 2571 321 2607 otiosam
348 2584 570 2622 personam
605 2584 682 2621 pro
710 2581 842 2609 muta:
872 2569 980 2608 illud
1012 2571 1125 2608 enim
1155 2569 1295 2608 voluit
1329 2569 1442 2608 haud
1475 2571 1628 2622 dubie,

155 2637 234 2663 nec
259 2639 358 2664 sane
379 2636 545 2668 temere.
607 2626 714 2665 Nam
738 2627 935 2677 prolecto
957 2636 1031 2664 aut
1053 2625 1134 2664 hoo
1154 2628 1275 2675 lOCO,
1308 2637 1381 2665 aut
1405 2642 1626 2680 nusquam,

153 2681 382 2733 provincia
411 2696 484 2720 sua
515 2683 557 2722 ,Γ
557 2685 686 2721 eritati
707 2681 970 2736 adsignanda
1001 2681 1113 2729 fuit;
1148 2683 1392 2732 praesertim
1414 2698 1540 2738 quun·
1567 2685 1626 2722 di-

155 2746 264 2776 sette
285 2751 308 2775 a
331 2752 402 2777 reo
430 2738 479 2777 ad
505 2738 747 2778 testandum
779 2747 1050 2792 provocetur.
1110 2739 1239 2778 INutus
1259 2748 1395 2779 autem
1419 2741 1462 2779 in
1486 2750 1628 2781 tantae
