<?xml version="1.0" encoding="UTF-8"?>
<!DOCTYPE html PUBLIC "-//W3C//DTD XHTML 1.0 Transitional//EN"
    "http://www.w3.org/TR/xhtml1/DTD/xhtml1-transitional.dtd">
<html xmlns="http://www.w3.org/1999/xhtml" xml:lang="en" lang="en">
 <head>
  <title>
</title>
<meta http-equiv="Content-Type" content="text/html;charset=utf-8" />
  <meta name='ocr-system' content='tesseract 3.04.00' />
  <meta name='ocr-capabilities' content='ocr_page ocr_carea ocr_par ocr_line ocrx_word'/>
</head>
<body>
  <div class='ocr_page' id='page_1' title='image "./operagraeceetlat03luciuoft_0515.png"; bbox 0 0 1781 3174; ppageno 0'>
   <div class='ocr_carea' id='block_1_1' title="bbox 507 218 1564 265">
    <p class='ocr_par' dir='ltr' id='par_1_1' title="bbox 507 218 1564 265">
     <span class='ocr_line' id='line_1_1' title="bbox 507 218 1564 265; baseline 0.012 -13"><span class='ocrx_word' id='word_1_1' title='bbox 507 221 1149 254; x_wconf 77' lang='lat' dir='ltr'>1NCHARONEM.</span> <span class='ocrx_word' id='word_1_2' title='bbox 1463 218 1564 265; x_wconf 84' lang='lat'><strong>479</strong></span> 
     </span>
    </p>
   </div>
   <div class='ocr_carea' id='block_1_2' title="bbox 92 317 1564 591">
    <p class='ocr_par' dir='ltr' id='par_1_2' title="bbox 92 317 1564 591">
     <span class='ocr_line' id='line_1_2' title="bbox 97 317 1563 378; baseline -0.001 -13"><span class='ocrx_word' id='word_1_3' title='bbox 97 325 175 365; x_wconf 89' lang='lat' dir='ltr'><strong>mis</strong></span> <span class='ocrx_word' id='word_1_4' title='bbox 194 333 236 365; x_wconf 81' lang='lat' dir='ltr'><strong>et</strong></span> <span class='ocrx_word' id='word_1_5' title='bbox 256 323 405 363; x_wconf 79' lang='lat' dir='ltr'><strong>statuis</strong></span> <span class='ocrx_word' id='word_1_6' title='bbox 431 334 600 368; x_wconf 82' lang='lat' dir='ltr'><strong>eornm,</strong></span> <span class='ocrx_word' id='word_1_7' title='bbox 633 333 655 358; x_wconf 91' lang='lat' dir='ltr'><strong>a</strong></span> <span class='ocrx_word' id='word_1_8' title='bbox 678 317 832 372; x_wconf 90' lang='lat' dir='ltr'><strong>quibus</strong></span> <span class='ocrx_word' id='word_1_9' title='bbox 852 318 1063 359; x_wconf 84' lang='lat' dir='ltr'><strong>beneficio</strong></span> <span class='ocrx_word' id='word_1_10' title='bbox 1090 320 1248 361; x_wconf 83' lang='lat' dir='ltr'><strong>adfecti</strong></span> <span class='ocrx_word' id='word_1_11' title='bbox 1272 323 1469 378; x_wconf 67' lang='lat' dir='ltr'><strong>fuerant,</strong></span> <span class='ocrx_word' id='word_1_12' title='bbox 1501 329 1563 367; x_wconf 80' lang='lat' dir='ltr'><strong>ti-</strong></span> 
     </span>
     <span class='ocr_line' id='line_1_3' title="bbox 98 375 1559 436; baseline -0.004 -15"><span class='ocrx_word' id='word_1_13' title='bbox 98 386 234 421; x_wconf 89' lang='lat' dir='ltr'><strong>tulum</strong></span> <span class='ocrx_word' id='word_1_14' title='bbox 251 376 457 435; x_wconf 69' lang='grc' dir='ltr'><em>εὐεργέτου</em></span> <span class='ocrx_word' id='word_1_15' title='bbox 486 376 722 416; x_wconf 82' lang='lat' dir='ltr'>adscribere</span> <span class='ocrx_word' id='word_1_16' title='bbox 750 375 956 415; x_wconf 88' lang='lat' dir='ltr'><strong>solebant.</strong></span> <span class='ocrx_word' id='word_1_17' title='bbox 991 377 1129 418; x_wconf 77' lang='lat' dir='ltr'>CLER.</span> <span class='ocrx_word' id='word_1_18' title='bbox 1188 379 1333 431; x_wconf 75' lang='lat' dir='ltr'><strong>Lysias</strong></span> <span class='ocrx_word' id='word_1_19' title='bbox 1349 397 1441 436; x_wconf 71' lang='lat' dir='ltr'><strong>pag,</strong></span> <span class='ocrx_word' id='word_1_20' title='bbox 1469 390 1559 429; x_wconf 48' lang='lat'>159·</span> 
     </span>
     <span class='ocr_line' id='line_1_4' title="bbox 98 427 1564 495; baseline -0.014 -17"><span class='ocrx_word' id='word_1_21' title='bbox 98 454 137 481; x_wconf 87' lang='lat' dir='ltr'><strong>v.</strong></span> <span class='ocrx_word' id='word_1_22' title='bbox 158 443 225 483; x_wconf 81' lang='lat'><strong>39.</strong></span> <span class='ocrx_word' id='word_1_23' title='bbox 287 441 342 478; x_wconf 86' lang='grc' dir='ltr'><strong>Εἰ</strong></span> <span class='ocrx_word' id='word_1_24' title='bbox 359 437 429 488; x_wconf 79' lang='grc' dir='ltr'><strong>μὲν</strong></span> <span class='ocrx_word' id='word_1_25' title='bbox 448 437 560 484; x_wconf 78' lang='grc' dir='ltr'><strong><em>ξένος</em></strong></span> <span class='ocrx_word' id='word_1_26' title='bbox 577 435 638 481; x_wconf 85' lang='grc' dir='ltr'><strong>τὶς</strong></span> <span class='ocrx_word' id='word_1_27' title='bbox 656 430 785 473; x_wconf 74' lang='grc' dir='ltr'><strong><em>ἐλθών</em></strong></span> <span class='ocrx_word' id='word_1_28' title='bbox 805 427 910 484; x_wconf 69' lang='grc' dir='ltr'><strong>ὑμᾶς</strong></span> <span class='ocrx_word' id='word_1_29' title='bbox 929 429 958 485; x_wconf 73' lang='grc' dir='ltr'><em>ἢ</em></span> <span class='ocrx_word' id='word_1_30' title='bbox 976 431 1154 488; x_wconf 62' lang='grc' dir='ltr'><em>χρήματα</em></span> <span class='ocrx_word' id='word_1_31' title='bbox 1169 433 1275 491; x_wconf 63' lang='grc' dir='ltr'><em>ᾔτει,</em></span> <span class='ocrx_word' id='word_1_32' title='bbox 1307 435 1336 489; x_wconf 67' lang='grc' dir='ltr'><strong><em>ἦ</em></strong></span> <span class='ocrx_word' id='word_1_33' title='bbox 1356 434 1564 495; x_wconf 61' lang='grc' dir='ltr'><em>εὐεργέτης</em></span> 
     </span>
     <span class='ocr_line' id='line_1_5' title="bbox 96 487 1563 550; baseline -0.009 -14"><span class='ocrx_word' id='word_1_34' title='bbox 96 492 383 550; x_wconf 73' lang='grc' dir='ltr'><em>ἆναγραφῆναι</em></span> <span class='ocrx_word' id='word_1_35' title='bbox 402 487 536 544; x_wconf 70' lang='grc' dir='ltr'><strong><em>ἠξίου.</em></strong></span> <span class='ocrx_word' id='word_1_36' title='bbox 596 487 695 527; x_wconf 84' lang='lat' dir='ltr'><strong>Vid.</strong></span> <span class='ocrx_word' id='word_1_37' title='bbox 718 487 770 527; x_wconf 84' lang='lat' dir='ltr'><strong>ad</strong></span> <span class='ocrx_word' id='word_1_38' title='bbox 796 489 856 527; x_wconf 86' lang='lat' dir='ltr'><strong>D.</strong></span> <span class='ocrx_word' id='word_1_39' title='bbox 874 490 1008 530; x_wconf 81' lang='lat' dir='ltr'><strong>Mort.</strong></span> <span class='ocrx_word' id='word_1_40' title='bbox 1027 491 1081 531; x_wconf 89' lang='lat' dir='ltr'><strong>X.</strong></span> <span class='ocrx_word' id='word_1_41' title='bbox 1116 492 1152 547; x_wconf 60' lang='grc' dir='ltr'><strong>ξ.</strong></span> <span class='ocrx_word' id='word_1_42' title='bbox 1176 498 1216 537; x_wconf 79' lang='grc'><strong>6,</strong></span> <span class='ocrx_word' id='word_1_43' title='bbox 1276 494 1404 534; x_wconf 66' lang='lat' dir='ltr'><strong>Plura</strong></span> <span class='ocrx_word' id='word_1_44' title='bbox 1438 497 1563 538; x_wconf 67' lang='lat' dir='ltr'><strong>dice-</strong></span> 
     </span>
     <span class='ocr_line' id='line_1_6' title="bbox 92 547 733 591; baseline -0.006 -1"><span class='ocrx_word' id='word_1_45' title='bbox 92 566 183 590; x_wconf 88' lang='lat' dir='ltr'><strong>mus</strong></span> <span class='ocrx_word' id='word_1_46' title='bbox 204 549 367 589; x_wconf 86' lang='lat' dir='ltr'><strong>Anach.</strong></span> <span class='ocrx_word' id='word_1_47' title='bbox 395 563 430 590; x_wconf 81' lang='lat' dir='ltr'><strong>c.</strong></span> <span class='ocrx_word' id='word_1_48' title='bbox 451 553 515 591; x_wconf 87' lang='lat'><strong>17.</strong></span> <span class='ocrx_word' id='word_1_49' title='bbox 548 547 733 586; x_wconf 68' lang='lat' dir='ltr'><strong>Hmus‘r.</strong></span> 
     </span>
    </p>
   </div>
   <div class='ocr_carea' id='block_1_3' title="bbox 70 658 1562 2806">
    <p class='ocr_par' dir='ltr' id='par_1_3' title="bbox 70 658 1562 2806">
     <span class='ocr_line' id='line_1_7' title="bbox 203 658 1562 721; baseline 0.004 -18"><span class='ocrx_word' id='word_1_50' title='bbox 203 663 301 717; x_wconf 79' lang='lat' dir='ltr'><strong>Pag.</strong></span> <span class='ocrx_word' id='word_1_51' title='bbox 321 668 389 707; x_wconf 81' lang='grc'><strong>73.</strong></span> <span class='ocrx_word' id='word_1_52' title='bbox 411 664 439 701; x_wconf 87' lang='lat' dir='ltr'><strong>l.</strong></span> <span class='ocrx_word' id='word_1_53' title='bbox 461 666 500 704; x_wconf 77' lang='lat'><strong>2.</strong></span> <span class='ocrx_word' id='word_1_54' title='bbox 534 664 716 708; x_wconf 75' lang='grc' dir='ltr'><em>Βασιλεῖς</em></span> <span class='ocrx_word' id='word_1_55' title='bbox 743 674 800 690; x_wconf 92' lang='grc'><strong>-·-</strong></span> <span class='ocrx_word' id='word_1_56' title='bbox 831 658 978 713; x_wconf 77' lang='grc' dir='ltr'><em>μάχαι)</em></span> <span class='ocrx_word' id='word_1_57' title='bbox 1008 660 1210 701; x_wconf 80' lang='lat' dir='ltr'><strong>Inutilem</strong></span> <span class='ocrx_word' id='word_1_58' title='bbox 1232 663 1346 703; x_wconf 83' lang='lat' dir='ltr'><strong>illam</strong></span> <span class='ocrx_word' id='word_1_59' title='bbox 1369 667 1562 721; x_wconf 85' lang='lat' dir='ltr'><strong>quinque</strong></span> 
     </span>
     <span class='ocr_line' id='line_1_8' title="bbox 89 717 1558 777; baseline 0.002 -17"><span class='ocrx_word' id='word_1_60' title='bbox 89 720 394 760; x_wconf 85' lang='lat' dir='ltr'><strong>vocabulorum</strong></span> <span class='ocrx_word' id='word_1_61' title='bbox 417 718 623 757; x_wconf 82' lang='lat' dir='ltr'>sarcinam</span> <span class='ocrx_word' id='word_1_62' title='bbox 653 717 688 754; x_wconf 89' lang='lat' dir='ltr'><strong>si</strong></span> <span class='ocrx_word' id='word_1_63' title='bbox 721 717 819 771; x_wconf 89' lang='lat' dir='ltr'><strong>quis</strong></span> <span class='ocrx_word' id='word_1_64' title='bbox 846 717 960 756; x_wconf 90' lang='lat' dir='ltr'><strong>foras</strong></span> <span class='ocrx_word' id='word_1_65' title='bbox 988 718 1244 771; x_wconf 82' lang='lat' dir='ltr'><strong>ejiciendam</strong></span> <span class='ocrx_word' id='word_1_66' title='bbox 1278 723 1558 777; x_wconf 84' lang='lat' dir='ltr'><strong>existimarit,</strong></span> 
     </span>
     <span class='ocr_line' id='line_1_9' title="bbox 90 773 1556 831; baseline 0.003 -16"><span class='ocrx_word' id='word_1_67' title='bbox 90 792 184 816; x_wconf 89' lang='lat' dir='ltr'><strong>eum</strong></span> <span class='ocrx_word' id='word_1_68' title='bbox 206 776 316 815; x_wconf 87' lang='lat' dir='ltr'><strong>nihil</strong></span> <span class='ocrx_word' id='word_1_69' title='bbox 339 774 536 830; x_wconf 79' lang='lat' dir='ltr'><strong>equidem</strong></span> <span class='ocrx_word' id='word_1_70' title='bbox 558 773 777 812; x_wconf 84' lang='lat' dir='ltr'><strong>morabor:</strong></span> <span class='ocrx_word' id='word_1_71' title='bbox 811 773 856 811; x_wconf 87' lang='lat' dir='ltr'><strong>in</strong></span> <span class='ocrx_word' id='word_1_72' title='bbox 881 789 1178 828; x_wconf 86' lang='lat' dir='ltr'><strong>quamcunque</strong></span> <span class='ocrx_word' id='word_1_73' title='bbox 1202 787 1363 829; x_wconf 89' lang='lat' dir='ltr'><strong>partem</strong></span> <span class='ocrx_word' id='word_1_74' title='bbox 1394 794 1556 831; x_wconf 85' lang='lat' dir='ltr'>verses,</span> 
     </span>
     <span class='ocr_line' id='line_1_10' title="bbox 89 829 1557 890; baseline 0 -19"><span class='ocrx_word' id='word_1_75' title='bbox 89 848 167 873; x_wconf 90' lang='lat' dir='ltr'><strong>nec</strong></span> <span class='ocrx_word' id='word_1_76' title='bbox 189 848 282 872; x_wconf 88' lang='lat' dir='ltr'><strong>cum</strong></span> <span class='ocrx_word' id='word_1_77' title='bbox 316 831 518 885; x_wconf 81' lang='lat' dir='ltr'><strong>proxime</strong></span> <span class='ocrx_word' id='word_1_78' title='bbox 552 829 901 883; x_wconf 84' lang='lat' dir='ltr'><strong>praecedentibus</strong></span> <span class='ocrx_word' id='word_1_79' title='bbox 935 831 978 868; x_wconf 89' lang='lat' dir='ltr'><strong>in</strong></span> <span class='ocrx_word' id='word_1_80' title='bbox 1012 831 1192 885; x_wconf 83' lang='lat' dir='ltr'><strong>gratiam</strong></span> <span class='ocrx_word' id='word_1_81' title='bbox 1221 833 1383 889; x_wconf 80' lang='lat' dir='ltr'><strong>redigi,</strong></span> <span class='ocrx_word' id='word_1_82' title='bbox 1418 850 1557 890; x_wconf 82' lang='lat' dir='ltr'><strong>neque</strong></span> 
     </span>
     <span class='ocr_line' id='line_1_11' title="bbox 88 886 1558 943; baseline 0.003 -14"><span class='ocrx_word' id='word_1_83' title='bbox 88 889 389 929; x_wconf 85' lang='lat' dir='ltr'><strong>emendatione</strong></span> <span class='ocrx_word' id='word_1_84' title='bbox 425 886 645 926; x_wconf 85' lang='lat' dir='ltr'><strong>commoda</strong></span> <span class='ocrx_word' id='word_1_85' title='bbox 684 886 907 925; x_wconf 84' lang='lat' dir='ltr'><strong>reformari</strong></span> <span class='ocrx_word' id='word_1_86' title='bbox 946 897 1140 940; x_wconf 88' lang='lat' dir='ltr'><strong>possunt.</strong></span> <span class='ocrx_word' id='word_1_87' title='bbox 1201 890 1295 943; x_wconf 89' lang='lat' dir='ltr'><strong>Ego</strong></span> <span class='ocrx_word' id='word_1_88' title='bbox 1330 892 1558 933; x_wconf 78' lang='lat' dir='ltr'><strong>Lucianum</strong></span> 
     </span>
     <span class='ocr_line' id='line_1_12' title="bbox 85 942 1558 1002; baseline 0.004 -17"><span class='ocrx_word' id='word_1_89' title='bbox 85 956 169 985; x_wconf 88' lang='lat' dir='ltr'><strong>tam</strong></span> <span class='ocrx_word' id='word_1_90' title='bbox 189 947 382 998; x_wconf 89' lang='lat' dir='ltr'><strong>ineptum</strong></span> <span class='ocrx_word' id='word_1_91' title='bbox 406 945 589 997; x_wconf 84' lang='lat' dir='ltr'><strong>putabo,</strong></span> <span class='ocrx_word' id='word_1_92' title='bbox 624 952 671 981; x_wconf 85' lang='lat' dir='ltr'><strong>ut</strong></span> <span class='ocrx_word' id='word_1_93' title='bbox 692 952 792 996; x_wconf 88' lang='lat' dir='ltr'><strong>post</strong></span> <span class='ocrx_word' id='word_1_94' title='bbox 810 942 858 984; x_wconf 73' lang='grc' dir='ltr'><strong>τοὶ</strong></span> <span class='ocrx_word' id='word_1_95' title='bbox 881 947 961 984; x_wconf 74' lang='grc' dir='ltr'><strong>τῶν</strong></span> <span class='ocrx_word' id='word_1_96' title='bbox 991 942 1298 997; x_wconf 81' lang='grc' dir='ltr'><em>κακοδαιμόνων</em></span> <span class='ocrx_word' id='word_1_97' title='bbox 1324 944 1558 1002; x_wconf 64' lang='grc' dir='ltr'><em>ἀνθρώπων</em></span> 
     </span>
     <span class='ocr_line' id='line_1_13' title="bbox 83 998 1560 1059; baseline -0.001 -16"><span class='ocrx_word' id='word_1_98' title='bbox 83 1000 316 1058; x_wconf 75' lang='grc' dir='ltr'><em>πράγματα,</em></span> <span class='ocrx_word' id='word_1_99' title='bbox 349 1005 468 1040; x_wconf 84' lang='lat' dir='ltr'><strong>velut</strong></span> <span class='ocrx_word' id='word_1_100' title='bbox 490 998 723 1038; x_wconf 86' lang='lat' dir='ltr'><strong>dilucidius</strong></span> <span class='ocrx_word' id='word_1_101' title='bbox 748 1000 1128 1052; x_wconf 76' lang='lat' dir='ltr'><strong>interpretaturUS‚</strong></span> <span class='ocrx_word' id='word_1_102' title='bbox 1161 1001 1364 1055; x_wconf 88' lang='lat' dir='ltr'><strong>adjecerit</strong></span> <span class='ocrx_word' id='word_1_103' title='bbox 1387 1009 1560 1059; x_wconf 69' lang='grc' dir='ltr'><strong>βασιλεῖς</strong></span> 
     </span>
     <span class='ocr_line' id='line_1_14' title="bbox 87 1056 1556 1113; baseline 0.007 -21"><span class='ocrx_word' id='word_1_104' title='bbox 87 1071 168 1098; x_wconf 75' lang='lat' dir='ltr'><strong>etc,</strong></span> <span class='ocrx_word' id='word_1_105' title='bbox 202 1061 441 1111; x_wconf 64' lang='grc' dir='ltr'><em>φυσαλλίδες</em></span> <span class='ocrx_word' id='word_1_106' title='bbox 466 1056 668 1104; x_wconf 80' lang='lat' dir='ltr'><strong>dixisset,</strong></span> <span class='ocrx_word' id='word_1_107' title='bbox 705 1056 868 1109; x_wconf 86' lang='lat' dir='ltr'><strong>aliquid</strong></span> <span class='ocrx_word' id='word_1_108' title='bbox 900 1056 1195 1111; x_wconf 84' lang='lat' dir='ltr'><strong>intelligerem.</strong></span> <span class='ocrx_word' id='word_1_109' title='bbox 1258 1059 1377 1113; x_wconf 82' lang='lat' dir='ltr'><strong>Quid</strong></span> <span class='ocrx_word' id='word_1_110' title='bbox 1416 1073 1556 1102; x_wconf 86' lang='lat' dir='ltr'><strong>autem</strong></span> 
     </span>
     <span class='ocr_line' id='line_1_15' title="bbox 85 1111 1556 1174; baseline 0 -20"><span class='ocrx_word' id='word_1_111' title='bbox 85 1117 121 1155; x_wconf 91' lang='lat' dir='ltr'><strong>si</strong></span> <span class='ocrx_word' id='word_1_112' title='bbox 141 1114 307 1170; x_wconf 70' lang='grc' dir='ltr'><em>τύμβοι,</em></span> <span class='ocrx_word' id='word_1_113' title='bbox 337 1118 405 1153; x_wconf 76' lang='lat' dir='ltr'><strong>vel</strong></span> <span class='ocrx_word' id='word_1_114' title='bbox 426 1112 542 1165; x_wconf 73' lang='grc' dir='ltr'><em>ἠρία,</em></span> <span class='ocrx_word' id='word_1_115' title='bbox 575 1112 742 1166; x_wconf 72' lang='grc' dir='ltr'><em>τύμβοι,</em></span> <span class='ocrx_word' id='word_1_116' title='bbox 774 1127 851 1165; x_wconf 83' lang='lat' dir='ltr'><strong>pro</strong></span> <span class='ocrx_word' id='word_1_117' title='bbox 872 1111 1087 1167; x_wconf 78' lang='grc' dir='ltr'><em>ἑκατόμβαι</em></span> <span class='ocrx_word' id='word_1_118' title='bbox 1108 1125 1345 1167; x_wconf 86' lang='lat' dir='ltr'><strong>ponantur,</strong></span> <span class='ocrx_word' id='word_1_119' title='bbox 1380 1133 1556 1174; x_wconf 84' lang='lat' dir='ltr'><strong>magno-</strong></span> 
     </span>
     <span class='ocr_line' id='line_1_16' title="bbox 83 1167 1553 1226; baseline -0.001 -14"><span class='ocrx_word' id='word_1_120' title='bbox 83 1187 183 1226; x_wconf 87' lang='lat' dir='ltr'><strong>pere</strong></span> <span class='ocrx_word' id='word_1_121' title='bbox 225 1169 506 1225; x_wconf 77' lang='lat' dir='ltr'><strong>proficimus?</strong></span> <span class='ocrx_word' id='word_1_122' title='bbox 559 1184 633 1207; x_wconf 91' lang='lat' dir='ltr'><strong>cur</strong></span> <span class='ocrx_word' id='word_1_123' title='bbox 673 1167 794 1221; x_wconf 78' lang='grc' dir='ltr'><em>μάχαι</em></span> <span class='ocrx_word' id='word_1_124' title='bbox 823 1179 1036 1222; x_wconf 86' lang='lat' dir='ltr'><strong>postremo</strong></span> <span class='ocrx_word' id='word_1_125' title='bbox 1065 1173 1162 1209; x_wconf 85' lang='lat' dir='ltr'><strong>loco</strong></span> <span class='ocrx_word' id='word_1_126' title='bbox 1190 1171 1455 1214; x_wconf 72' lang='lat' dir='ltr'><strong>adhaerent?</strong></span> <span class='ocrx_word' id='word_1_127' title='bbox 1501 1191 1553 1214; x_wconf 82' lang='lat' dir='ltr'><strong>an</strong></span> 
     </span>
     <span class='ocr_line' id='line_1_17' title="bbox 83 1225 1553 1284; baseline 0.002 -17"><span class='ocrx_word' id='word_1_128' title='bbox 83 1230 180 1284; x_wconf 88' lang='lat' dir='ltr'><strong>quia</strong></span> <span class='ocrx_word' id='word_1_129' title='bbox 207 1237 420 1267; x_wconf 86' lang='lat' dir='ltr'><strong>cruentam</strong></span> <span class='ocrx_word' id='word_1_130' title='bbox 451 1226 708 1280; x_wconf 81' lang='lat' dir='ltr'><strong>Argivorum</strong></span> <span class='ocrx_word' id='word_1_131' title='bbox 745 1225 1272 1280; x_wconf 83' lang='lat' dir='ltr'><strong>Lacedaemoniorumque</strong></span> <span class='ocrx_word' id='word_1_132' title='bbox 1303 1229 1353 1269; x_wconf 91' lang='lat' dir='ltr'><strong>de</strong></span> <span class='ocrx_word' id='word_1_133' title='bbox 1383 1231 1553 1284; x_wconf 85' lang='lat' dir='ltr'><strong>Thyrea</strong></span> 
     </span>
     <span class='ocr_line' id='line_1_18' title="bbox 82 1282 1552 1337; baseline 0.001 -13"><span class='ocrx_word' id='word_1_134' title='bbox 82 1286 436 1337; x_wconf 78' lang='lat' dir='ltr'><strong>disceptationem</strong></span> <span class='ocrx_word' id='word_1_135' title='bbox 470 1282 702 1321; x_wconf 82' lang='lat' dir='ltr'><strong>novissime</strong></span> <span class='ocrx_word' id='word_1_136' title='bbox 733 1283 1111 1322; x_wconf 77' lang='lat' dir='ltr'><strong>commemorarat?</strong></span> <span class='ocrx_word' id='word_1_137' title='bbox 1146 1298 1297 1337; x_wconf 86' lang='lat' dir='ltr'><strong>nempe</strong></span> <span class='ocrx_word' id='word_1_138' title='bbox 1323 1286 1368 1324; x_wconf 88' lang='lat' dir='ltr'><strong>in</strong></span> <span class='ocrx_word' id='word_1_139' title='bbox 1405 1288 1552 1326; x_wconf 84' lang='lat' dir='ltr'><strong>eodem</strong></span> 
     </span>
     <span class='ocr_line' id='line_1_19' title="bbox 79 1336 1553 1393; baseline 0.001 -13"><span class='ocrx_word' id='word_1_140' title='bbox 79 1343 298 1380; x_wconf 84' lang='lat' dir='ltr'><strong>haeremus</strong></span> <span class='ocrx_word' id='word_1_141' title='bbox 316 1344 423 1386; x_wconf 91' lang='lat' dir='ltr'><strong>luto,</strong></span> <span class='ocrx_word' id='word_1_142' title='bbox 456 1339 569 1377; x_wconf 87' lang='lat' dir='ltr'><strong>unde</strong></span> <span class='ocrx_word' id='word_1_143' title='bbox 595 1336 771 1377; x_wconf 74' lang='lat' dir='ltr'><strong>difficile</strong></span> <span class='ocrx_word' id='word_1_144' title='bbox 790 1339 923 1377; x_wconf 85' lang='lat' dir='ltr'><strong>fuerit</strong></span> <span class='ocrx_word' id='word_1_145' title='bbox 941 1339 1155 1379; x_wconf 84' lang='lat' dir='ltr'><strong>extricari.</strong></span> <span class='ocrx_word' id='word_1_146' title='bbox 1217 1341 1390 1393; x_wconf 88' lang='lat' dir='ltr'><strong>Optime</strong></span> <span class='ocrx_word' id='word_1_147' title='bbox 1401 1344 1553 1384; x_wconf 78' lang='lat' dir='ltr'><strong>Lucia—</strong></span> 
     </span>
     <span class='ocr_line' id='line_1_20' title="bbox 78 1393 1552 1450; baseline 0.009 -20"><span class='ocrx_word' id='word_1_148' title='bbox 78 1415 129 1438; x_wconf 79' lang='lat' dir='ltr'><strong>no</strong></span> <span class='ocrx_word' id='word_1_149' title='bbox 152 1398 370 1450; x_wconf 87' lang='lat' dir='ltr'><strong>provisum</strong></span> <span class='ocrx_word' id='word_1_150' title='bbox 393 1395 496 1445; x_wconf 83' lang='lat' dir='ltr'><strong>erit,</strong></span> <span class='ocrx_word' id='word_1_151' title='bbox 532 1395 567 1432; x_wconf 88' lang='lat' dir='ltr'><strong>si</strong></span> <span class='ocrx_word' id='word_1_152' title='bbox 591 1394 923 1448; x_wconf 77' lang='lat' dir='ltr'><strong>conglutinaris:</strong></span> <span class='ocrx_word' id='word_1_153' title='bbox 962 1393 1037 1436; x_wconf 74' lang='grc' dir='ltr'><strong>Οἷά</strong></span> <span class='ocrx_word' id='word_1_154' title='bbox 1068 1397 1148 1437; x_wconf 79' lang='grc' dir='ltr'><em>ἐστι</em></span> <span class='ocrx_word' id='word_1_155' title='bbox 1179 1395 1226 1437; x_wconf 67' lang='grc' dir='ltr'><strong>τὰ</strong></span> <span class='ocrx_word' id='word_1_156' title='bbox 1254 1403 1334 1440; x_wconf 74' lang='grc' dir='ltr'><strong>τῶν</strong></span> <span class='ocrx_word' id='word_1_157' title='bbox 1363 1405 1552 1442; x_wconf 76' lang='grc' dir='ltr'><em>κακοδαι-</em></span> 
     </span>
     <span class='ocr_line' id='line_1_21' title="bbox 79 1447 1552 1509; baseline 0 -13"><span class='ocrx_word' id='word_1_158' title='bbox 79 1456 216 1509; x_wconf 84' lang='grc' dir='ltr'><em>μόνων</em></span> <span class='ocrx_word' id='word_1_159' title='bbox 242 1449 474 1506; x_wconf 58' lang='grc' dir='ltr'><em>ἀνθρώπων</em></span> <span class='ocrx_word' id='word_1_160' title='bbox 492 1449 728 1505; x_wconf 67' lang='grc' dir='ltr'><em>πράγματας</em></span> <span class='ocrx_word' id='word_1_161' title='bbox 762 1447 959 1504; x_wconf 75' lang='grc' dir='ltr'><em>Χάρωνος</em></span> <span class='ocrx_word' id='word_1_162' title='bbox 979 1452 1019 1493; x_wconf 80' lang='grc' dir='ltr'><strong>δὲ</strong></span> <span class='ocrx_word' id='word_1_163' title='bbox 1039 1449 1172 1501; x_wconf 73' lang='grc' dir='ltr'><em>οὐδεὶς</em></span> <span class='ocrx_word' id='word_1_164' title='bbox 1195 1451 1334 1508; x_wconf 76' lang='grc' dir='ltr'><em>λόγος·</em></span> <span class='ocrx_word' id='word_1_165' title='bbox 1376 1457 1437 1495; x_wconf 90' lang='lat' dir='ltr'><strong>sic</strong></span> <span class='ocrx_word' id='word_1_166' title='bbox 1471 1472 1552 1496; x_wconf 91' lang='lat' dir='ltr'><strong>ve-</strong></span> 
     </span>
     <span class='ocr_line' id='line_1_22' title="bbox 78 1508 1551 1562; baseline 0.001 -12"><span class='ocrx_word' id='word_1_167' title='bbox 78 1510 372 1550; x_wconf 83' lang='lat' dir='ltr'><strong>nustissimum</strong></span> <span class='ocrx_word' id='word_1_168' title='bbox 404 1523 511 1561; x_wconf 86' lang='lat' dir='ltr'><strong>opus</strong></span> <span class='ocrx_word' id='word_1_169' title='bbox 534 1508 702 1562; x_wconf 82' lang='lat' dir='ltr'><strong>egregia</strong></span> <span class='ocrx_word' id='word_1_170' title='bbox 733 1508 944 1547; x_wconf 85' lang='lat' dir='ltr'><strong>sententia</strong></span> <span class='ocrx_word' id='word_1_171' title='bbox 979 1508 1196 1557; x_wconf 85' lang='lat' dir='ltr'><strong>finiverit;</strong></span> <span class='ocrx_word' id='word_1_172' title='bbox 1240 1511 1284 1548; x_wconf 89' lang='lat' dir='ltr'><strong>in</strong></span> <span class='ocrx_word' id='word_1_173' title='bbox 1317 1513 1551 1552; x_wconf 84' lang='lat' dir='ltr'><strong>miserrima</strong></span> 
     </span>
     <span class='ocr_line' id='line_1_23' title="bbox 77 1563 1549 1610; baseline 0.001 -3"><span class='ocrx_word' id='word_1_174' title='bbox 77 1583 213 1608; x_wconf 89' lang='lat' dir='ltr'><strong>rerum</strong></span> <span class='ocrx_word' id='word_1_175' title='bbox 237 1580 404 1605; x_wconf 89' lang='lat' dir='ltr'><strong>suarum</strong></span> <span class='ocrx_word' id='word_1_176' title='bbox 432 1564 686 1604; x_wconf 82' lang='lat' dir='ltr'><strong>conditione</strong></span> <span class='ocrx_word' id='word_1_177' title='bbox 719 1563 824 1603; x_wconf 88' lang='lat' dir='ltr'><strong>adeo</strong></span> <span class='ocrx_word' id='word_1_178' title='bbox 855 1579 1001 1604; x_wconf 89' lang='lat' dir='ltr'><strong>caecos</strong></span> <span class='ocrx_word' id='word_1_179' title='bbox 1031 1580 1078 1604; x_wconf 88' lang='lat' dir='ltr'><strong>ac</strong></span> <span class='ocrx_word' id='word_1_180' title='bbox 1106 1565 1320 1607; x_wconf 85' lang='lat' dir='ltr'><strong>dementes</strong></span> <span class='ocrx_word' id='word_1_181' title='bbox 1353 1573 1549 1610; x_wconf 82' lang='lat' dir='ltr'><strong>mortales</strong></span> 
     </span>
     <span class='ocr_line' id='line_1_24' title="bbox 78 1620 1547 1674; baseline -0.001 -12"><span class='ocrx_word' id='word_1_182' title='bbox 78 1624 293 1673; x_wconf 83' lang='lat' dir='ltr'><strong>oberrare,</strong></span> <span class='ocrx_word' id='word_1_183' title='bbox 335 1633 383 1660; x_wconf 90' lang='lat' dir='ltr'><strong>ut</strong></span> <span class='ocrx_word' id='word_1_184' title='bbox 414 1621 464 1661; x_wconf 87' lang='lat' dir='ltr'><strong>de</strong></span> <span class='ocrx_word' id='word_1_185' title='bbox 496 1631 630 1659; x_wconf 87' lang='lat' dir='ltr'><strong>morte</strong></span> <span class='ocrx_word' id='word_1_186' title='bbox 664 1620 983 1674; x_wconf 78' lang='lat' dir='ltr'><strong>Charontisque</strong></span> <span class='ocrx_word' id='word_1_187' title='bbox 1014 1622 1210 1673; x_wconf 87' lang='lat' dir='ltr'><strong>cymbula</strong></span> <span class='ocrx_word' id='word_1_188' title='bbox 1243 1638 1296 1663; x_wconf 88' lang='lat' dir='ltr'><strong>ne</strong></span> <span class='ocrx_word' id='word_1_189' title='bbox 1326 1626 1547 1665; x_wconf 88' lang='lat' dir='ltr'><strong>minimum</strong></span> 
     </span>
     <span class='ocr_line' id='line_1_25' title="bbox 78 1676 1546 1736; baseline 0.001 -17"><span class='ocrx_word' id='word_1_190' title='bbox 78 1679 248 1736; x_wconf 86' lang='lat' dir='ltr'><strong>quidem</strong></span> <span class='ocrx_word' id='word_1_191' title='bbox 270 1680 475 1733; x_wconf 86' lang='lat' dir='ltr'><strong>cogitent.</strong></span> <span class='ocrx_word' id='word_1_192' title='bbox 511 1680 692 1716; x_wconf 76' lang='lat' dir='ltr'><strong>HEMST.</strong></span> <span class='ocrx_word' id='word_1_193' title='bbox 754 1676 916 1715; x_wconf 86' lang='lat' dir='ltr'><strong>Ultima</strong></span> <span class='ocrx_word' id='word_1_194' title='bbox 940 1677 1043 1717; x_wconf 83' lang='lat' dir='ltr'><strong>haec</strong></span> <span class='ocrx_word' id='word_1_195' title='bbox 1062 1678 1187 1717; x_wconf 78' lang='lat' dir='ltr'><strong>verba</strong></span> <span class='ocrx_word' id='word_1_196' title='bbox 1209 1679 1379 1719; x_wconf 84' lang='lat' dir='ltr'><strong>Charon</strong></span> <span class='ocrx_word' id='word_1_197' title='bbox 1405 1696 1546 1721; x_wconf 88' lang='lat' dir='ltr'><strong>secum</strong></span> 
     </span>
     <span class='ocr_line' id='line_1_26' title="bbox 74 1731 1550 1788; baseline -0.001 -13"><span class='ocrx_word' id='word_1_198' title='bbox 74 1751 339 1776; x_wconf 88' lang='lat' dir='ltr'><strong>murmurans</strong></span> <span class='ocrx_word' id='word_1_199' title='bbox 368 1734 567 1788; x_wconf 88' lang='lat' dir='ltr'><strong>proloqui</strong></span> <span class='ocrx_word' id='word_1_200' title='bbox 592 1731 918 1772; x_wconf 80' lang='lat' dir='ltr'><strong>existimandus,</strong></span> <span class='ocrx_word' id='word_1_201' title='bbox 963 1734 1203 1772; x_wconf 86' lang='lat' dir='ltr'><strong>Continent</strong></span> <span class='ocrx_word' id='word_1_202' title='bbox 1229 1745 1368 1775; x_wconf 88' lang='lat' dir='ltr'><strong>autem</strong></span> <span class='ocrx_word' id='word_1_203' title='bbox 1395 1751 1441 1776; x_wconf 86' lang='lat' dir='ltr'><strong>ea</strong></span> <span class='ocrx_word' id='word_1_204' title='bbox 1466 1739 1550 1777; x_wconf 89' lang='lat' dir='ltr'><strong>uti..</strong></span> 
     </span>
     <span class='ocr_line' id='line_1_27' title="bbox 73 1790 1545 1846; baseline 0.002 -14"><span class='ocrx_word' id='word_1_205' title='bbox 73 1794 155 1833; x_wconf 83' lang='lat' dir='ltr'><strong>lem</strong></span> <span class='ocrx_word' id='word_1_206' title='bbox 189 1807 335 1831; x_wconf 83' lang='lat' dir='ltr'><strong>eorum</strong></span> <span class='ocrx_word' id='word_1_207' title='bbox 379 1804 604 1837; x_wconf 82' lang='lat' dir='ltr'><strong>summam,</strong></span> <span class='ocrx_word' id='word_1_208' title='bbox 648 1803 756 1841; x_wconf 89' lang='lat' dir='ltr'><strong>quae</strong></span> <span class='ocrx_word' id='word_1_209' title='bbox 783 1799 871 1826; x_wconf 91' lang='lat' dir='ltr'><strong>tum</strong></span> <span class='ocrx_word' id='word_1_210' title='bbox 902 1790 1113 1842; x_wconf 90' lang='lat' dir='ltr'><strong>portitor,</strong></span> <span class='ocrx_word' id='word_1_211' title='bbox 1160 1790 1266 1830; x_wconf 90' lang='lat' dir='ltr'><strong>duce</strong></span> <span class='ocrx_word' id='word_1_212' title='bbox 1297 1794 1545 1846; x_wconf 66' lang='lat' dir='ltr'><strong>[Mercuri0,</strong></span> 
     </span>
     <span class='ocr_line' id='line_1_28' title="bbox 74 1844 1549 1906; baseline 0.003 -19"><span class='ocrx_word' id='word_1_213' title='bbox 74 1863 127 1887; x_wconf 85' lang='lat' dir='ltr'><strong>ex</strong></span> <span class='ocrx_word' id='word_1_214' title='bbox 152 1848 232 1886; x_wconf 87' lang='lat' dir='ltr'><strong>hac</strong></span> <span class='ocrx_word' id='word_1_215' title='bbox 263 1847 609 1900; x_wconf 81' lang='lat' dir='ltr'><strong>peregrinatione</strong></span> <span class='ocrx_word' id='word_1_216' title='bbox 638 1844 864 1894; x_wconf 83' lang='lat' dir='ltr'><strong>didicerit,</strong></span> <span class='ocrx_word' id='word_1_217' title='bbox 900 1855 987 1884; x_wconf 89' lang='lat' dir='ltr'><strong>tum</strong></span> <span class='ocrx_word' id='word_1_218' title='bbox 1024 1860 1131 1899; x_wconf 88' lang='lat' dir='ltr'><strong>quae</strong></span> <span class='ocrx_word' id='word_1_219' title='bbox 1157 1847 1364 1889; x_wconf 77' lang='lat' dir='ltr'><strong>Lucianus</strong></span> <span class='ocrx_word' id='word_1_220' title='bbox 1398 1854 1549 1906; x_wconf 80' lang='lat' dir='ltr'><strong>legen-</strong></span> 
     </span>
     <span class='ocr_line' id='line_1_29' title="bbox 73 1901 1548 1957; baseline 0.003 -15"><span class='ocrx_word' id='word_1_221' title='bbox 73 1904 190 1942; x_wconf 85' lang='lat' dir='ltr'><strong>tibus</strong></span> <span class='ocrx_word' id='word_1_222' title='bbox 213 1904 333 1957; x_wconf 89' lang='lat' dir='ltr'><strong>quasi</strong></span> <span class='ocrx_word' id='word_1_223' title='bbox 355 1904 578 1940; x_wconf 85' lang='lat' dir='ltr'><strong>inclamat:</strong></span> <span class='ocrx_word' id='word_1_224' title='bbox 614 1902 805 1955; x_wconf 83' lang='lat' dir='ltr'><strong>cogitent</strong></span> <span class='ocrx_word' id='word_1_225' title='bbox 827 1901 1018 1952; x_wconf 79' lang='lat' dir='ltr'><strong>scilicet,</strong></span> <span class='ocrx_word' id='word_1_226' title='bbox 1053 1914 1176 1957; x_wconf 85' lang='lat' dir='ltr'><strong>quarn</strong></span> <span class='ocrx_word' id='word_1_227' title='bbox 1203 1920 1308 1945; x_wconf 86' lang='lat' dir='ltr'><strong>vana</strong></span> <span class='ocrx_word' id='word_1_228' title='bbox 1333 1917 1373 1944; x_wconf 86' lang='lat' dir='ltr'><strong>et</strong></span> <span class='ocrx_word' id='word_1_229' title='bbox 1398 1910 1548 1948; x_wconf 86' lang='lat' dir='ltr'><strong>misera</strong></span> 
     </span>
     <span class='ocr_line' id='line_1_30' title="bbox 73 1957 1547 2013; baseline -0.001 -14"><span class='ocrx_word' id='word_1_230' title='bbox 73 1961 132 1999; x_wconf 81' lang='lat' dir='ltr'><strong>sit</strong></span> <span class='ocrx_word' id='word_1_231' title='bbox 150 1960 372 1999; x_wconf 88' lang='lat' dir='ltr'><strong>hominum</strong></span> <span class='ocrx_word' id='word_1_232' title='bbox 397 1957 617 2007; x_wconf 81' lang='lat' dir='ltr'><strong>conditio,</strong></span> <span class='ocrx_word' id='word_1_233' title='bbox 652 1972 862 2012; x_wconf 89' lang='lat' dir='ltr'><strong>quamque</strong></span> <span class='ocrx_word' id='word_1_234' title='bbox 891 1959 998 1998; x_wconf 87' lang='lat' dir='ltr'><strong>utile</strong></span> <span class='ocrx_word' id='word_1_235' title='bbox 1027 1970 1152 2013; x_wconf 89' lang='lat' dir='ltr'><strong>atque</strong></span> <span class='ocrx_word' id='word_1_236' title='bbox 1187 1967 1427 2002; x_wconf 89' lang='lat' dir='ltr'><strong>consultum</strong></span> <span class='ocrx_word' id='word_1_237' title='bbox 1465 1980 1547 2005; x_wconf 86' lang='lat' dir='ltr'><strong>me.</strong></span> 
     </span>
     <span class='ocr_line' id='line_1_31' title="bbox 74 2013 1546 2073; baseline 0.003 -18"><span class='ocrx_word' id='word_1_238' title='bbox 74 2016 250 2055; x_wconf 87' lang='lat' dir='ltr'><strong>minisse</strong></span> <span class='ocrx_word' id='word_1_239' title='bbox 275 2014 406 2055; x_wconf 84' lang='lat' dir='ltr'><strong>mori!</strong></span> <span class='ocrx_word' id='word_1_240' title='bbox 441 2014 569 2067; x_wconf 81' lang='lat' dir='ltr'><strong>Quod</strong></span> <span class='ocrx_word' id='word_1_241' title='bbox 591 2013 759 2067; x_wconf 84' lang='lat' dir='ltr'><strong>quidem</strong></span> <span class='ocrx_word' id='word_1_242' title='bbox 782 2025 1010 2067; x_wconf 85' lang='lat' dir='ltr'><strong>utrumque</strong></span> <span class='ocrx_word' id='word_1_243' title='bbox 1033 2031 1104 2068; x_wconf 91' lang='lat' dir='ltr'><strong>per</strong></span> <span class='ocrx_word' id='word_1_244' title='bbox 1123 2028 1263 2057; x_wconf 87' lang='lat' dir='ltr'><strong>totum</strong></span> <span class='ocrx_word' id='word_1_245' title='bbox 1281 2022 1546 2073; x_wconf 87' lang='lat' dir='ltr'><strong>colloquium</strong></span> 
     </span>
     <span class='ocr_line' id='line_1_32' title="bbox 74 2071 1544 2130; baseline 0.004 -19"><span class='ocrx_word' id='word_1_246' title='bbox 74 2073 133 2111; x_wconf 89' lang='lat' dir='ltr'><strong>ita</strong></span> <span class='ocrx_word' id='word_1_247' title='bbox 158 2072 209 2111; x_wconf 88' lang='lat' dir='ltr'><strong>ad</strong></span> <span class='ocrx_word' id='word_1_248' title='bbox 243 2075 389 2111; x_wconf 87' lang='lat' dir='ltr'><strong>oculos</strong></span> <span class='ocrx_word' id='word_1_249' title='bbox 421 2071 754 2110; x_wconf 82' lang='lat' dir='ltr'><strong>demonstratum</strong></span> <span class='ocrx_word' id='word_1_250' title='bbox 785 2080 870 2119; x_wconf 81' lang='lat' dir='ltr'><strong>est,</strong></span> <span class='ocrx_word' id='word_1_251' title='bbox 905 2081 952 2109; x_wconf 90' lang='lat' dir='ltr'><strong>ut</strong></span> <span class='ocrx_word' id='word_1_252' title='bbox 984 2086 1071 2111; x_wconf 89' lang='lat' dir='ltr'><strong>non</strong></span> <span class='ocrx_word' id='word_1_253' title='bbox 1105 2077 1239 2112; x_wconf 89' lang='lat' dir='ltr'><strong>solum</strong></span> <span class='ocrx_word' id='word_1_254' title='bbox 1277 2076 1354 2126; x_wconf 89' lang='lat' dir='ltr'><strong>iis,</strong></span> <span class='ocrx_word' id='word_1_255' title='bbox 1391 2078 1544 2130; x_wconf 84' lang='lat' dir='ltr'><strong>quibus</strong></span> 
     </span>
     <span class='ocr_line' id='line_1_33' title="bbox 75 2127 1544 2183; baseline 0.004 -16"><span class='ocrx_word' id='word_1_256' title='bbox 75 2130 188 2168; x_wconf 85' lang='lat' dir='ltr'><strong>forte</strong></span> <span class='ocrx_word' id='word_1_257' title='bbox 221 2142 283 2168; x_wconf 81' lang='lat' dir='ltr'><strong>res</strong></span> <span class='ocrx_word' id='word_1_258' title='bbox 318 2137 556 2176; x_wconf 82' lang='lat' dir='ltr'><strong>terrestres,</strong></span> <span class='ocrx_word' id='word_1_259' title='bbox 597 2129 661 2165; x_wconf 89' lang='lat' dir='ltr'><strong>uti</strong></span> <span class='ocrx_word' id='word_1_260' title='bbox 691 2127 908 2177; x_wconf 75' lang='lat' dir='ltr'><strong>Chamni,</strong></span> <span class='ocrx_word' id='word_1_261' title='bbox 950 2128 1199 2183; x_wconf 81' lang='lat' dir='ltr'><strong>incognitae</strong></span> <span class='ocrx_word' id='word_1_262' title='bbox 1235 2132 1425 2183; x_wconf 83' lang='lat' dir='ltr'><strong>fuerint,</strong></span> <span class='ocrx_word' id='word_1_263' title='bbox 1470 2133 1544 2173; x_wconf 86' lang='lat' dir='ltr'><strong>sed</strong></span> 
     </span>
     <span class='ocr_line' id='line_1_34' title="bbox 73 2184 1544 2241; baseline 0.003 -18"><span class='ocrx_word' id='word_1_264' title='bbox 73 2188 138 2224; x_wconf 84' lang='lat' dir='ltr'><strong>vel</strong></span> <span class='ocrx_word' id='word_1_265' title='bbox 163 2184 378 2239; x_wconf 81' lang='lat' dir='ltr'><strong>indigenis</strong></span> <span class='ocrx_word' id='word_1_266' title='bbox 403 2195 602 2223; x_wconf 85' lang='lat' dir='ltr'><strong>terrarum</strong></span> <span class='ocrx_word' id='word_1_267' title='bbox 626 2184 752 2235; x_wconf 82' lang='lat' dir='ltr'><strong>ipsis,</strong></span> <span class='ocrx_word' id='word_1_268' title='bbox 785 2185 857 2236; x_wconf 84' lang='lat' dir='ltr'><strong>qui</strong></span> <span class='ocrx_word' id='word_1_269' title='bbox 883 2188 988 2222; x_wconf 88' lang='lat' dir='ltr'><strong>mala</strong></span> <span class='ocrx_word' id='word_1_270' title='bbox 1011 2187 1219 2225; x_wconf 72' lang='lat' dir='ltr'><strong>coecitate</strong></span> <span class='ocrx_word' id='word_1_271' title='bbox 1237 2189 1350 2241; x_wconf 81' lang='lat' dir='ltr'><strong>capti</strong></span> <span class='ocrx_word' id='word_1_272' title='bbox 1374 2200 1544 2230; x_wconf 88' lang='lat' dir='ltr'><strong>tenean-</strong></span> 
     </span>
     <span class='ocr_line' id='line_1_35' title="bbox 71 2240 1543 2298; baseline 0.003 -18"><span class='ocrx_word' id='word_1_273' title='bbox 71 2250 163 2291; x_wconf 80' lang='lat' dir='ltr'><strong>tur,</strong></span> <span class='ocrx_word' id='word_1_274' title='bbox 197 2241 239 2279; x_wconf 87' lang='lat' dir='ltr'><strong>id</strong></span> <span class='ocrx_word' id='word_1_275' title='bbox 262 2255 344 2279; x_wconf 90' lang='lat' dir='ltr'><strong>non</strong></span> <span class='ocrx_word' id='word_1_276' title='bbox 370 2241 507 2294; x_wconf 87' lang='lat' dir='ltr'><strong>possit</strong></span> <span class='ocrx_word' id='word_1_277' title='bbox 528 2243 593 2278; x_wconf 77' lang='lat' dir='ltr'><strong>vel</strong></span> <span class='ocrx_word' id='word_1_278' title='bbox 618 2240 799 2279; x_wconf 84' lang='lat' dir='ltr'><strong>maxime</strong></span> <span class='ocrx_word' id='word_1_279' title='bbox 821 2243 996 2281; x_wconf 67' lang='lat' dir='ltr'><strong>elucere.</strong></span> <span class='ocrx_word' id='word_1_280' title='bbox 1042 2241 1106 2280; x_wconf 89' lang='lat' dir='ltr'><strong>Ad</strong></span> <span class='ocrx_word' id='word_1_281' title='bbox 1131 2257 1176 2281; x_wconf 89' lang='lat' dir='ltr'><strong>ea</strong></span> <span class='ocrx_word' id='word_1_282' title='bbox 1203 2244 1394 2298; x_wconf 83' lang='lat' dir='ltr'><strong>quinque</strong></span> <span class='ocrx_word' id='word_1_283' title='bbox 1417 2247 1543 2286; x_wconf 82' lang='lat' dir='ltr'><strong>verba</strong></span> 
     </span>
     <span class='ocr_line' id='line_1_36' title="bbox 73 2296 1543 2353; baseline 0.005 -19"><span class='ocrx_word' id='word_1_284' title='bbox 73 2296 187 2350; x_wconf 88' lang='lat' dir='ltr'><strong>quod</strong></span> <span class='ocrx_word' id='word_1_285' title='bbox 212 2298 389 2342; x_wconf 83' lang='lat' dir='ltr'><strong>attinet,</strong></span> <span class='ocrx_word' id='word_1_286' title='bbox 425 2311 531 2349; x_wconf 82' lang='lat' dir='ltr'><strong>quae</strong></span> <span class='ocrx_word' id='word_1_287' title='bbox 555 2307 595 2335; x_wconf 79' lang='lat' dir='ltr'><strong>et</strong></span> <span class='ocrx_word' id='word_1_288' title='bbox 620 2311 697 2350; x_wconf 67' lang='lat' dir='ltr'><strong>ego</strong></span> <span class='ocrx_word' id='word_1_289' title='bbox 720 2310 811 2334; x_wconf 86' lang='lat' dir='ltr'><strong>cum</strong></span> <span class='ocrx_word' id='word_1_290' title='bbox 836 2296 1083 2337; x_wconf 68' lang='lat' dir='ltr'><strong>Schmieclero</strong></span> <span class='ocrx_word' id='word_1_291' title='bbox 1106 2314 1182 2352; x_wconf 79' lang='lat' dir='ltr'><strong>pro</strong></span> <span class='ocrx_word' id='word_1_292' title='bbox 1217 2303 1421 2353; x_wconf 82' lang='lat' dir='ltr'><strong>suspectis</strong></span> <span class='ocrx_word' id='word_1_293' title='bbox 1456 2318 1543 2342; x_wconf 85' lang='lat' dir='ltr'><strong>no·-</strong></span> 
     </span>
     <span class='ocr_line' id='line_1_37' title="bbox 70 2353 1537 2411; baseline 0.005 -20"><span class='ocrx_word' id='word_1_294' title='bbox 70 2353 181 2404; x_wconf 81' lang='lat' dir='ltr'><strong>tavi,</strong></span> <span class='ocrx_word' id='word_1_295' title='bbox 216 2368 300 2409; x_wconf 88' lang='lat' dir='ltr'><strong>quo</strong></span> <span class='ocrx_word' id='word_1_296' title='bbox 324 2355 492 2406; x_wconf 82' lang='lat' dir='ltr'><strong>saepius</strong></span> <span class='ocrx_word' id='word_1_297' title='bbox 517 2368 562 2392; x_wconf 93' lang='lat' dir='ltr'><strong>ea</strong></span> <span class='ocrx_word' id='word_1_298' title='bbox 587 2356 800 2406; x_wconf 73' lang='lat' dir='ltr'><strong>leguntur,</strong></span> <span class='ocrx_word' id='word_1_299' title='bbox 836 2368 884 2392; x_wconf 92' lang='lat' dir='ltr'><strong>eo</strong></span> <span class='ocrx_word' id='word_1_300' title='bbox 913 2354 1048 2392; x_wconf 86' lang='lat' dir='ltr'><strong>minus</strong></span> <span class='ocrx_word' id='word_1_301' title='bbox 1075 2354 1247 2394; x_wconf 85' lang='lat' dir='ltr'><strong>dubium</strong></span> <span class='ocrx_word' id='word_1_302' title='bbox 1271 2372 1359 2396; x_wconf 89' lang='lat' dir='ltr'><strong>esse</strong></span> <span class='ocrx_word' id='word_1_303' title='bbox 1384 2369 1537 2411; x_wconf 84' lang='lat' dir='ltr'><strong>potest,</strong></span> 
     </span>
     <span class='ocr_line' id='line_1_38' title="bbox 72 2409 1539 2469; baseline 0.005 -22"><span class='ocrx_word' id='word_1_304' title='bbox 72 2411 176 2461; x_wconf 90' lang='lat' dir='ltr'><strong>quin</strong></span> <span class='ocrx_word' id='word_1_305' title='bbox 197 2420 309 2450; x_wconf 89' lang='lat' dir='ltr'><strong>recte</strong></span> <span class='ocrx_word' id='word_1_306' title='bbox 328 2410 614 2462; x_wconf 78' lang='lat' dir='ltr'><strong>judicaverint</strong></span> <span class='ocrx_word' id='word_1_307' title='bbox 641 2409 955 2448; x_wconf 71' lang='lat' dir='ltr'><strong>Hemsterlzusins</strong></span> <span class='ocrx_word' id='word_1_308' title='bbox 976 2422 1015 2449; x_wconf 86' lang='lat' dir='ltr'><strong>et</strong></span> <span class='ocrx_word' id='word_1_309' title='bbox 1035 2411 1290 2462; x_wconf 69' lang='lat' dir='ltr'><strong>lVieZanclius·‚</strong></span> <span class='ocrx_word' id='word_1_310' title='bbox 1313 2417 1539 2469; x_wconf 83' lang='lat' dir='ltr'><strong>elegantis-</strong></span> 
     </span>
     <span class='ocr_line' id='line_1_39' title="bbox 71 2465 1540 2521; baseline 0.005 -18"><span class='ocrx_word' id='word_1_311' title='bbox 71 2465 168 2503; x_wconf 83' lang='lat' dir='ltr'><strong>simi</strong></span> <span class='ocrx_word' id='word_1_312' title='bbox 189 2466 347 2519; x_wconf 87' lang='lat' dir='ltr'><strong>quippe</strong></span> <span class='ocrx_word' id='word_1_313' title='bbox 377 2465 566 2519; x_wconf 81' lang='lat' dir='ltr'><strong>judices‚</strong></span> <span class='ocrx_word' id='word_1_314' title='bbox 603 2466 675 2519; x_wconf 82' lang='lat' dir='ltr'><strong>qui</strong></span> <span class='ocrx_word' id='word_1_315' title='bbox 707 2465 771 2503; x_wconf 81' lang='lat' dir='ltr'><strong>his</strong></span> <span class='ocrx_word' id='word_1_316' title='bbox 806 2467 1147 2505; x_wconf 81' lang='lat' dir='ltr'><strong>venustissimum</strong></span> <span class='ocrx_word' id='word_1_317' title='bbox 1183 2474 1432 2521; x_wconf 82' lang='lat' dir='ltr'><strong>opusculum</strong></span> <span class='ocrx_word' id='word_1_318' title='bbox 1471 2473 1540 2509; x_wconf 89' lang='lat' dir='ltr'><strong>in-</strong></span> 
     </span>
     <span class='ocr_line' id='line_1_40' title="bbox 71 2520 1535 2580; baseline 0.004 -20"><span class='ocrx_word' id='word_1_319' title='bbox 71 2522 285 2573; x_wconf 80' lang='lat' dir='ltr'><strong>eptissime</strong></span> <span class='ocrx_word' id='word_1_320' title='bbox 328 2531 369 2560; x_wconf 84' lang='lat' dir='ltr'><strong>et</strong></span> <span class='ocrx_word' id='word_1_321' title='bbox 408 2522 706 2562; x_wconf 79' lang='lat' dir='ltr'><strong>absurdissime</strong></span> <span class='ocrx_word' id='word_1_322' title='bbox 747 2520 861 2559; x_wconf 76' lang='lat' dir='ltr'><strong>sinin</strong></span> <span class='ocrx_word' id='word_1_323' title='bbox 903 2521 1181 2563; x_wconf 80' lang='lat' dir='ltr'><strong>declararunt.</strong></span> <span class='ocrx_word' id='word_1_324' title='bbox 1245 2526 1394 2580; x_wconf 80' lang='lat' dir='ltr'><strong>Neque</strong></span> <span class='ocrx_word' id='word_1_325' title='bbox 1425 2529 1535 2566; x_wconf 85' lang='lat' dir='ltr'><strong>enim</strong></span> 
     </span>
     <span class='ocr_line' id='line_1_41' title="bbox 70 2577 1536 2638; baseline 0.005 -23"><span class='ocrx_word' id='word_1_326' title='bbox 70 2577 174 2617; x_wconf 89' lang='lat' dir='ltr'><strong>haec</strong></span> <span class='ocrx_word' id='word_1_327' title='bbox 196 2579 385 2617; x_wconf 84' lang='lat' dir='ltr'><strong>recensio</strong></span> <span class='ocrx_word' id='word_1_328' title='bbox 406 2593 541 2617; x_wconf 85' lang='lat' dir='ltr'><strong>rerum</strong></span> <span class='ocrx_word' id='word_1_329' title='bbox 565 2581 606 2617; x_wconf 87' lang='lat' dir='ltr'><strong>in</strong></span> <span class='ocrx_word' id='word_1_330' title='bbox 633 2578 714 2616; x_wconf 88' lang='lat' dir='ltr'><strong>hoc</strong></span> <span class='ocrx_word' id='word_1_331' title='bbox 734 2578 882 2616; x_wconf 87' lang='lat' dir='ltr'><strong>libello</strong></span> <span class='ocrx_word' id='word_1_332' title='bbox 906 2589 1173 2618; x_wconf 78' lang='lat' dir='ltr'><strong>tractatarum</strong></span> <span class='ocrx_word' id='word_1_333' title='bbox 1200 2585 1322 2633; x_wconf 87' lang='lat' dir='ltr'><strong>plena</strong></span> <span class='ocrx_word' id='word_1_334' title='bbox 1348 2595 1422 2633; x_wconf 85' lang='lat' dir='ltr'><strong>est,</strong></span> <span class='ocrx_word' id='word_1_335' title='bbox 1439 2586 1536 2638; x_wconf 78' lang='lat' dir='ltr'><strong>quia</strong></span> 
     </span>
     <span class='ocr_line' id='line_1_42' title="bbox 71 2632 1537 2694; baseline 0.004 -23"><span class='ocrx_word' id='word_1_336' title='bbox 71 2632 364 2672; x_wconf 88' lang='lat' dir='ltr'><strong>desiderantur</strong></span> <span class='ocrx_word' id='word_1_337' title='bbox 404 2639 634 2684; x_wconf 86' lang='lat' dir='ltr'><strong>nonnulla,</strong></span> <span class='ocrx_word' id='word_1_338' title='bbox 694 2649 830 2687; x_wconf 85' lang='lat' dir='ltr'><strong>neque</strong></span> <span class='ocrx_word' id='word_1_339' title='bbox 873 2635 1033 2683; x_wconf 84' lang='lat' dir='ltr'><strong>fidelis,</strong></span> <span class='ocrx_word' id='word_1_340' title='bbox 1088 2639 1287 2690; x_wconf 79' lang='lat' dir='ltr'><strong>quoniam</strong></span> <span class='ocrx_word' id='word_1_341' title='bbox 1327 2639 1537 2694; x_wconf 64' lang='grc' dir='ltr'><em>ἑκατόμβαι</em></span> 
     </span>
     <span class='ocr_line' id='line_1_43' title="bbox 70 2690 1537 2748; baseline 0.006 -21"><span class='ocrx_word' id='word_1_342' title='bbox 70 2701 471 2742; x_wconf 66' lang='lat' dir='ltr'><strong>commemorantur,</strong></span> <span class='ocrx_word' id='word_1_343' title='bbox 505 2692 554 2732; x_wconf 87' lang='lat' dir='ltr'><strong>de</strong></span> <span class='ocrx_word' id='word_1_344' title='bbox 576 2690 732 2747; x_wconf 85' lang='lat' dir='ltr'><strong>quibus</strong></span> <span class='ocrx_word' id='word_1_345' title='bbox 758 2692 800 2728; x_wconf 87' lang='lat' dir='ltr'><strong>in</strong></span> <span class='ocrx_word' id='word_1_346' title='bbox 825 2690 937 2729; x_wconf 83' lang='lat' dir='ltr'><strong>libro</strong></span> <span class='ocrx_word' id='word_1_347' title='bbox 962 2692 1054 2745; x_wconf 90' lang='lat' dir='ltr'><strong>ipso</strong></span> <span class='ocrx_word' id='word_1_348' title='bbox 1087 2693 1196 2731; x_wconf 89' lang='lat' dir='ltr'><strong>nihil</strong></span> <span class='ocrx_word' id='word_1_349' title='bbox 1225 2696 1425 2748; x_wconf 73' lang='lat' dir='ltr'><strong>legimus,</strong></span> <span class='ocrx_word' id='word_1_350' title='bbox 1463 2713 1537 2737; x_wconf 86' lang='lat' dir='ltr'><strong>ne—</strong></span> 
     </span>
     <span class='ocr_line' id='line_1_44' title="bbox 72 2747 1536 2806; baseline 0.008 -26"><span class='ocrx_word' id='word_1_351' title='bbox 72 2758 167 2798; x_wconf 64' lang='lat' dir='ltr'><strong>que,</strong></span> <span class='ocrx_word' id='word_1_352' title='bbox 200 2747 234 2783; x_wconf 82' lang='lat' dir='ltr'><strong>si</strong></span> <span class='ocrx_word' id='word_1_353' title='bbox 257 2750 322 2785; x_wconf 71' lang='lat' dir='ltr'><strong>vel</strong></span> <span class='ocrx_word' id='word_1_354' title='bbox 348 2751 469 2799; x_wconf 81' lang='lat' dir='ltr'><strong>plena</strong></span> <span class='ocrx_word' id='word_1_355' title='bbox 492 2764 537 2788; x_wconf 78' lang='lat' dir='ltr'><strong>ac</strong></span> <span class='ocrx_word' id='word_1_356' title='bbox 563 2748 699 2789; x_wconf 77' lang='lat' dir='ltr'><strong>fidelis</strong></span> <span class='ocrx_word' id='word_1_357' title='bbox 721 2758 842 2795; x_wconf 85' lang='lat' dir='ltr'><strong>esset,</strong></span> <span class='ocrx_word' id='word_1_358' title='bbox 877 2751 1044 2802; x_wconf 79' lang='lat' dir='ltr'><strong>elegans</strong></span> <span class='ocrx_word' id='word_1_359' title='bbox 1071 2759 1198 2803; x_wconf 88' lang='lat' dir='ltr'><strong>atque</strong></span> <span class='ocrx_word' id='word_1_360' title='bbox 1216 2750 1390 2792; x_wconf 71' lang='lat' dir='ltr'><strong>Luciani</strong></span> <span class='ocrx_word' id='word_1_361' title='bbox 1415 2756 1536 2806; x_wconf 84' lang='lat' dir='ltr'><strong>inge-</strong></span> 
     </span>
    </p>
   </div>
  </div>
 </body>
</html>
