1781 3174
227 231 330 280 532
576 245 1330 277 anno'rArroNEs

224 343 360 398 juria:
391 345 460 383 vel
485 341 575 395 ipsa
598 340 784 381 variatio
811 342 882 380 illa
906 356 1074 382 movere
1095 343 1240 395 potuit
1262 344 1560 398 suspicionem.
1604 345 1686 385 Sed

224 415 350 456 quem
382 398 598 439 credamus
622 397 832 437 bonorum
864 399 1117 452 scriptorum
1147 400 1209 438 sic
1232 403 1353 454 loqui
1377 403 1595 455 potuisse:
1629 407 1690 452 τίς

223 455 363 506 λοιπὸς
384 453 480 509 ἡμῖν
500 456 799 507 καταλείπεται,
829 458 896 494 vel
927 456 1054 493 etiam
1072 459 1389 509 καταλέλειπταις
1418 460 1496 497 Me
1516 457 1686 512 quidem

228 511 371 556 λοιπόν
398 513 706 553 καταλείπεσθαι
740 525 827 549 11011
861 512 1003 549 minus
1035 514 1220 566 graviter
1249 514 1454 565 offendit,
1496 529 1620 569 quam
1649 516 1686 554 si

227 570 388 608 Latine
411 567 593 606 diceres:
625 567 814 622 reliquum
835 567 1013 622 relinqui.
1053 569 1210 609 LEHM⁴

338 645 443 686 Ead.
464 648 491 685 l.
513 652 554 689 7.
587 648 791 700 Πυρρίας)
821 646 1084 699 Pyrrhonem
1108 647 1266 698 innuit,
1293 647 1344 688 de
1365 663 1450 703 quo
1474 648 1574 688 vide
1595 650 1687 689 Ica-

227 719 330 743 rom.
351 718 386 742 c.
408 707 477 747 25.
536 702 582 741 Si
604 715 739 743 autem
766 702 869 742 haec
896 704 1099 755 scriptura
1119 705 1302 757 genuina
1323 715 1407 755 est,
1437 706 1594 757 petitus
1614 710 1687 760 jo—

219 773 302 800 ·cus
323 767 386 798 est
407 773 459 798 ex
481 760 654 799 nomine
674 760 807 809 servi,
838 757 890 798 ad
912 759 1026 813 quod
1050 761 1242 812 proxime
1263 759 1511 813 philosophi
1529 776 1683 801 nomen

225 815 464 856 accedebat.
505 816 601 857 Vid.
620 816 884 868 DiognLai‘rt.
905 830 945 868 p.
960 820 1054 860 252.
1076 826 1118 855 et
1138 817 1194 857 A.
1215 815 1316 860 Gell.
1337 817 1413 864 XI,
1438 822 1476 862 5.
1508 817 1681 859 SOLAN.

225 873 400 913 Servavi
426 873 629 911 Graecum
654 886 807 911 nornen
822 903 833 922 ‚
854 871 976 926 quod
991 873 1141 911 servile
1161 873 1356 924 alioquin
1382 883 1467 923 est,
1490 883 1531 912 et
1552 875 1684 927 rusiam

223 927 464 982 Significat;
507 942 560 968 ne
594 928 771 982 periret,
805 942 929 981 quem
959 928 1127 968 subesse
1155 928 1355 981 putabam
1387 929 1438 968 ad
1467 930 1684 984 Pyrrhonis

222 998 400 1032 nomen,
432 995 661 1038 respectus,
695 985 831 1024 Gsssn.
898 986 994 1023 Hoc
1015 985 1153 1038 ipsum
1179 999 1334 1024 nomen
1358 985 1511 1025 servile
1528 1001 1684 1025 occur-

222 1041 280 1079 rit
309 1042 380 1080 De
407 1041 541 1083 Mero.
572 1040 709 1082 cond.
741 1054 775 1082 c.
808 1046 875 1086 23.
906 1051 948 1081 et
975 1042 1087 1080 inter
1115 1044 1236 1094 plura
1276 1044 1366 1094 ejus
1399 1042 1567 1095 generis
1599 1042 1682 1081 alia

220 1096 391 1138 Timon.
413 1111 450 1138 c.
473 1101 542 1140 22.
567 1096 643 1135 ubi
663 1095 788 1151 docte
808 1097 859 1138 de
881 1097 950 1136 his
969 1097 1170 1136 disseruit
1188 1097 1342 1137 Hemst.
1380 1098 1538 1139 Lmnvr.

330 1185 435 1227 Ead·
464 1189 489 1229 1.
511 1192 577 1230 12.
632 1189 986 1230 ΦΙΛΟΣΟΦΟΣ.
1032 1184 1187 1239 Οὐδὲν)
1223 1187 1472 1241 Legendum
1502 1188 1678 1228 omnino

224 1246 432 1291 ΦῙΛῼΝ.
469 1239 614 1285 Οὐδέν.
654 1245 798 1284 Sermo
818 1254 880 1284 est
899 1244 950 1283 de
971 1244 1156 1283 Philone
1177 1244 1375 1294 Sceptico
1398 1242 1678 1298 philosopho,

218 1298 270 1339 de
293 1313 378 1352 quo
396 1299 583 1340 La'c'rtins
602 1300 646 1338 in
669 1300 818 1352 Pyrrh.
841 1305 881 1350 0.
907 1306 976 1345 67.
1010 1296 1109 1341 ἀλλὰ
1135 1301 1203 1341 καὶ
1237 1301 1372 1340 Φίλων
1396 1298 1419 1341 ἆ
1446 1297 1677 1354 Ἀθηναῖος,

215 1354 416 1420 Ϊνώριμος
437 1351 565 1398 αὐτοῦ
589 1353 772 1421 γεγονώς.
830 1358 1045 1410 Scriptum
1074 1357 1215 1395 fuerat
1252 1360 1366 1397 ΦΙΛ.
1390 1356 1505 1409 quod
1529 1368 1677 1410 postea

215 1426 263 1451 111
289 1409 520 1463 Φιλόσοφος
536 1412 642 1451 abiit
663 1412 707 1450 in
729 1411 921 1453 editione
943 1423 1118 1467 utraque
1139 1412 1268 1452 Basil.
1290 1422 1332 1451 et
1350 1413 1393 1449 in
1407 1414 1532 1453 Salm.
1565 1414 1676 1453 Vide

214 1481 295 1506 nos
314 1467 367 1507 ad
384 1468 523 1509 La'ert.
545 1468 628 1515 IX,
662 1472 729 1512 67.
765 1470 957 1509 MENAG.
1016 1469 1137 1522 Lego
1172 1468 1367 1520 HTPP]
1402 1467 1507 1506 Cum
1527 1483 1673 1508 omnes

212 1522 316 1562 libri
334 1523 537 1565 haberent
552 1521 798 1577 φιλόσοφός,
828 1524 1077 1563 mutandum
1101 1524 1224 1575 duxi,
1257 1525 1576 1580 Pyrrhonisque
1598 1539 1674 1564 no-

207 1595 306 1620 men
325 1581 515 1633 reposui.
572 1582 785 1633 Menagius
805 1581 855 1621 de
872 1582 1057 1620 Philone
1077 1579 1259 1634 quodam
1281 1581 1516 1628 intellexit;
1551 1580 1670 1630 (vid.

206 1645 299 1677 not.
322 1635 374 1675 ad
395 1637 513 1689 Diog.
533 1636 670 1678 Laba.
694 1653 736 1691 p.
751 1642 846 1681 248.
862 1640 876 1685 )
894 1637 966 1676 sed
993 1641 1084 1689 ejus
1108 1637 1218 1675 ratio
1240 1651 1327 1675 non
1353 1640 1504 1689 placet.
1541 1637 1671 1691 Quod

206 1701 348 1731 autem
375 1691 536 1732 ibidem
570 1703 714 1733 monet
741 1708 794 1733 ex
821 1694 949 1733 Suicla
978 1693 1029 1732 de
1060 1692 1240 1745 quodam
1254 1694 1267 1742 '‚
1310 1693 1378 1731 cui
1410 1692 1671 1747 Philosophus

203 1763 360 1788 nomen
388 1758 523 1797 esset,
556 1748 607 1789 de
628 1763 679 1788 eo
710 1749 1038 1804 intelligendum
1057 1758 1186 1801 puto,
1221 1749 1296 1802 qui
1315 1763 1337 1786 a
1366 1750 1485 1802 Diog.
1505 1751 1669 1789 Laertio

201 1802 409 1858 Philippus
441 1804 620 1856 dicitur,
653 1819 694 1859 p.
715 1812 782 1850 78.
809 1807 860 1845 E.
935 1806 1060 1844 Certe
1095 1803 1291 1856 Opuntio
1334 1805 1435 1843 huic
1463 1803 1667 1859 Philippo

203 1859 409 1899 tribuitur
428 1859 478 1899 ab
499 1871 678 1917 utroque
697 1858 824 1912 liber,
861 1863 936 1916 qui
955 1863 1066 1901 inter
1081 1860 1263 1900 Platonis
1286 1860 1335 1900 de
1357 1861 1521 1915 legibus
1540 1860 1666 1904 XIII.

195 1908 406 1968 Ἐπίνομις
426 1916 605 1971 (11011111;
644 1918 728 1957 nisi
761 1916 876 1972 quod
903 1917 1016 1970 apud
1039 1916 1206 1956 Suiclam
1231 1914 1457 1969 φιλόσοφος
1475 1918 1664 1968 vocatur,

201 1986 291 2011 non
324 1972 551 2027 Philippus,
593 1973 710 2027 quod
753 1976 880 2015 facile
916 1974 1082 2013 librarii
1125 1977 1248 2026 culpa
1278 1974 1450 2012 factum.
1493 1974 1663 2027 SOLAN.

200 2028 331 2067 Nulla
361 2044 412 2068 ex
441 2040 561 2082 parte
597 2030 639 2070 h.
666 2033 693 2071 1.
728 2030 1047 2070 commendatur
1074 2028 1258 2083 DIerzagii
1285 2030 1504 2083 Scepticus
1528 2030 1661 2070 Philo.

198 2084 354 2137 Neque
373 2086 485 2124 enim
506 2088 642 2126 solum
659 2087 883 2138 Lucz'anus,
916 2088 952 2125 si
979 2086 1093 2124 hunc
1116 2086 1327 2124 minorum
1349 2088 1540 2139 gentium
1559 2086 1664 2139 phi-

195 2141 425 2192 Iosophum
460 2151 661 2194 tanquam
693 2145 909 2196 Scepticae
932 2151 1069 2181 sectae
1101 2141 1337 2180 antistitem
1368 2143 1555 2193 proferre
1577 2157 1663 2182 vo-

195 2198 362 2248 luisset,
384 2197 630 2237 distinctius
650 2214 743 2239 eum
762 2199 1006 2246 indicasset,
1042 2212 1164 2251 quam
1187 2197 1381 2252 ambiguo
1403 2198 1486 2237 isto
1508 2199 1657 2252 signo:

200 2256 317 2294 ΦΙΛ.
363 2254 516 2297 Verum
551 2254 825 2294 disertissime
852 2256 978 2295 etiam
1004 2254 1140 2304 hunc,
1176 2268 1298 2307 quem
1332 2255 1512 2307 cogitari
1538 2255 1659 2294 vole-

193 2307 285 2359 bat,
317 2308 531 2350 hominem
553 2312 728 2364 proprio
756 2315 845 2365 ejus
869 2311 1044 2350 nomine
1065 2310 1314 2364 insignivit,
1346 2309 1551 2364 Pyrr-biam
1576 2325 1658 2364 ap-

191 2367 367 2417 pellans.
426 2366 543 2417 Ergo
566 2365 619 2409 de
640 2367 823 2407 Philone
846 2368 928 2407 isto
955 2364 1150 2419 Sceptico
1172 2366 1344 2403 minime
1369 2366 1555 2404 omnium
1578 2381 1655 2406 co-

191 2421 428 2474 gitandum.
489 2423 642 2462 Utrum
676 2434 814 2464 autem
843 2423 1000 2463 rectius
1025 2437 1119 2460 cum
1142 2421 1292 2461 Solane
1328 2424 1492 2461 ΠΤΡΡ.
1519 2422 1590 2474 (h.
1613 2426 1655 2464 eg

190 2476 397 2529 Pyrrhias,
433 2492 518 2531 quo
551 2480 725 2519 nornine
754 2490 844 2519 tum
873 2482 965 2532 ipse
995 2480 1196 2532 Scepseos
1223 2476 1421 2515 conditor
1440 2478 1654 2531 significa-

190 2538 324 2583 retur)
358 2549 409 2573 an
439 2539 799 2587 ΦΙΛΟΣΟΦΟΣ,
832 2537 897 2575 uti
919 2535 985 2573 his
1010 2533 1113 2581 ipsis
1131 2532 1268 2572 literis
1288 2536 1412 2585 plane
1433 2533 1476 2571 in
1492 2533 1651 2574 Aldina

189 2597 370 2642 utraque
409 2605 650 2644 expressum
681 2593 860 2647 legitur,
901 2582 1131 2644 praefi'gaS,
1171 2588 1255 2627 hoc
1293 2590 1377 2642 jam
1416 2591 1648 2642 quaeritur.

187 2643 306 2683 Mihi
328 2647 520 2700 quidem,
554 2648 597 2685 in
621 2659 756 2688 utram
779 2648 1033 2687 sententiam
1058 2642 1287 2695 discedam,
1320 2659 1406 2683 non
1424 2647 1526 2685 satis
1547 2661 1646 2685 con-

186 2707 284 2742 stat.
345 2701 487 2754 Quum
509 2704 620 2742 enirn
645 2705 797 2769 reliqui
823 2701 1075 2757 philosophi
1097 2715 1239 2740 omnes
1260 2700 1337 2738 sub
1357 2702 1645 2754 peculiaribus

183 2757 272 2795 suis
309 2758 556 2798 nominibus
587 2764 746 2813 prolati
784 2759 894 2813 sint,
934 2758 1139 2814 singulari
1170 2756 1349 2812 quadam
1383 2772 1549 2799 necesse
1580 2768 1645 2798 est
