1781 3174
241 202 343 253 524
597 208 1350 242 ADNOTAT10NES

241 315 463 368 Diogenes
485 308 640 349 heriles
663 307 772 346 filios
788 307 830 348 ἕν
853 311 936 363 χρῷ
950 310 1119 360 κουρίας
1139 325 1180 350 τε
1195 309 1261 349 καὶ
1278 305 1600 358 ἀκαλλωπίστους
1623 311 1701 363 εἷρ·

270 369 399 420 άζετο,
437 369 506 409 καὶ
541 363 733 418 ἀχίτωνας
760 364 826 405 καὶ
857 361 1139 413 ἇνυποδέτους,
1192 366 1311 418 Diog.
1353 365 1489 406 La'c'ri.
1523 371 1615 410 145.
1648 367 1697 407 B.

241 428 347 468 1:10„
373 426 512 478 Epist,
536 427 600 466 18.
622 421 658 460 I.
679 434 719 459 v.
742 425 779 463 6.
813 421 1046 475 asperitatis
1067 421 1239 475 agrestis
1263 436 1350 460 esse
1375 423 1433 460 ait
1456 432 1608 462 tonsam
1629 440 1702 463 cu-

241 497 328 524 iem.
391 480 512 520 Adde
530 479 597 517 his
623 477 820 515 omnibus
841 488 882 516 et
902 487 1090 516 nostrum
1115 477 1164 517 de
1185 493 1228 517 re
1246 479 1336 531 ipsa
1356 488 1397 517 et
1420 478 1565 531 phrasi
1587 479 1700 518 Pisc'.

241 556 277 582 c,
301 545 366 584 46,
393 550 433 577 et
456 536 527 578 Bis
549 536 644 575 Acc.
667 547 699 572 0.
721 540 786 577 20.
820 536 986 574 SoLAN.

353 594 453 634 Easl.
476 596 503 631 l.
525 598 566 636 3.
603 588 716 632 Πολύ
734 609 769 631 τι
789 592 967 643 πλῆθος)
999 588 1123 628 Unde
1150 590 1252 630 haec
1285 601 1402 630 tanta
1435 591 1479 629 in
1508 592 1605 631 foro
1631 605 1703 630 ex-

243 653 477 707 spectatio,
533 647 660 686 facile
693 647 958 701 intelligent,
1003 648 1077 700 qui
1104 645 1205 686 haec
1235 648 1301 687 M.
1341 648 1519 687 Aurelio
1555 647 1701 687 Stoico

242 711 477 762 imperante
497 705 654 755 scripta
676 705 963 759 meminerintL
992 703 1160 744 SOLAN.

355 763 549 805 Eacmfi.
569 758 681 802 ΓὈτι
712 757 872 814 μόνος
904 760 1053 809 οὗτος
1080 758 1238 813 σοφὸς
1267 761 1365 813 etc.]
1396 759 1542 801 Ηονατ.
1562 760 1703 814 Epist.

240 824 285 874 Ι,
309 827 344 864 1.
377 820 454 859 sub
478 818 626 857 finem:
964 865 965 868 Ἰ

575 896 627 903 -—
663 873 830 925 sapiens
855 888 942 912 uno
969 873 1106 912 minor
1132 883 1195 913 est
1212 874 1343 923 Jove,
1375 872 1517 923 dives,

461 930 613 981 Liber,
647 930 908 979 honoratus,
942 929 1140 982 pulcher,
1173 945 1246 968 rex
1275 929 1458 982 denique
1479 944 1638 983 regum.

243 1005 366 1047 quem
400 993 542 1028 locum
579 985 796 1025 commode
826 987 1011 1025 contulit
1045 986 1271 1038 Seyboldus.
1332 985 1453 1024 Facit
1485 986 1567 1024 huc
1597 986 1706 1024 alius

244 1062 415 1101 quoque
441 1060 493 1085 ex
525 1042 671 1082 eodem
704 1043 878 1081 Iler-aiio
902 1044 1030 1082 Serm.
1065 1044 1109 1089 I,
1131 1049 1169 1086 3.
1191 1042 1384 1095 inprimis
1409 1057 1431 1080 a
1454 1056 1494 1083 v.
1528 1047 1621 1086 124.
1650 1064 1707 1074 —-

243 1105 316 1143 sm.
345 1104 503 1142 citante
526 1099 788 1138 Ueratianae
813 1099 1046 1151 sapientiae
1073 1100 1237 1152 optimo
1265 1099 1375 1138 inter
1407 1108 1613 1138 nostrates
1637 1099 1710 1137 in-

242 1170 425 1213 terprete
453 1156 688 1197 U'ielamlio.
723 1156 880 1196 LnnM.

355 1215 459 1255 End.
480 1217 504 1254 l.
528 1219 593 1255 10.
626 1215 780 1263 ΑΓΘ.)
812 1213 880 1252 Sic
896 1210 1121 1267 legendum
1140 1226 1216 1265 pro
1238 1217 1374 1254 EPM.
1397 1211 1523 1252 etIam
1541 1211 1710 1252 monuit

246 1273 424 1328 Gltyellls.
459 1271 621 1311 REITZ,

357 1330 457 1381 Peg.
486 1331 578 1369 114.
598 1329 623 1365 l.
651 1331 690 1369 4.
719 1324 815 1378 Ἐφ’
837 1324 960 1379 ἡμῖν)
986 1323 1085 1377 Ἐφ’
1109 1323 1208 1378 ἡμῖν
1228 1326 1298 1379 μὲν
1318 1322 1544 1379 ὑπόληψις,
1579 1321 1706 1379 ὁρμὴ,

245 1385 390 1440 ὄρεξις,
424 1389 612 1431 ἔκκλισις·
645 1384 745 1421 licet
766 1383 876 1421 enim
900 1382 966 1420 his
991 1383 1055 1420 uti
1078 1392 1276 1434 tanquam
1300 1383 1466 1420 nostris.
1533 1377 1615 1423 Οὔκ
1638 1379 1705 1432 ἐφ’

243 1443 340 1495 ’ἡμῖν
360 1443 400 1483 δὲ
421 1438 462 1482 τὸ
487 1446 618 1493 σῶμα,
651 1436 677 1490 ἦ
699 1444 854 1490 κτῆσις,
891 1436 916 1490 ἡ
937 1436 1052 1488 δόξα,
1083 1440 1149 1479 καὶ
1171 1437 1244 1480 ὅσα
1267 1444 1334 1491 τῆς
1355 1437 1470 1491 τύχης
1491 1441 1611 1479 δοκεῖ.
1651 1439 1703 1477 In

244 1497 502 1539 Enchiridio
524 1498 695 1550 Epicteti
714 1496 820 1534 circa
845 1495 1044 1533 initium:
1078 1496 1144 1535 καὶ
1172 1494 1247 1547 ὅρα
1280 1496 1367 1548 περὶ
1394 1492 1620 1547 αἰσθήσεως
1638 1495 1706 1536 καὶ

248 1558 494 1607 αἰσθητικῶν
521 1557 764 1605 φαντασιῶν.
805 1551 851 1591 G.
912 1552 1022 1589 Satis
1056 1551 1285 1605 intelligit,
1323 1551 1424 1604 quid
1454 1551 1526 1589 hic
1553 1550 1709 1590 illudat

243 1614 469 1661 Lucianus,
505 1610 579 1661 qui
600 1609 703 1662 legit
718 1608 886 1662 Epicteti
904 1607 1207 1646 Enchit-idion.
1240 1610 1384 1647 Lazo.

365 1667 467 1706 Ibid.
494 1663 717 1716 Ἀδιάφορα
741 1664 841 1706 εἶναι
861 1664 1114 1716 συμβέβηκε)
1153 1665 1367 1716 Interpres
1384 1696 1395 1715 ‚
1442 1663 1710 1720 inclgssfferentia

246 1744 323 1765 esse
341 1724 477 1765 solent.
540 1723 679 1771 Verte,
699 1722 966 1776 indfflbrcntia
983 1730 1070 1758 sunt
1084 1737 1096 1759 .-
1126 1735 1220 1757 nam
1243 1735 1288 1759 ea
1310 1730 1371 1758 est
1391 1720 1453 1758 vis
1471 1720 1707 1759 locutionis

248 1784 431 1822 Graecae
446 1779 811 1833 frequentissima3
842 1791 917 1816 nec
939 1777 1075 1815 Stoici
1089 1775 1296 1827 dicebant,
1310 1790 1370 1825 ea,
1388 1790 1591 1829 quaenon
1607 1791 1708 1828 pen·

247 1839 349 1878 dent
364 1853 383 1876 a
408 1836 542 1885 nobis,
559 1838 692 1874 solere
710 1848 795 1872 esse
815 1832 1121 1879 indifferentia,
1135 1832 1205 1871 sed
1226 1847 1386 1884 semper
1406 1846 1494 1872 esse
1508 1832 1706 1885 sapienti.

245 1895 430 1934 Verbum
446 1894 675 1945 συμβαίνειν
695 1891 738 1929 in
757 1890 834 1928 hac
850 1899 891 1928 et
913 1889 1124 1927 similibus
1145 1889 1440 1927 locutionibus
1462 1903 1591 1943 aeque
1610 1905 1709 1941 παρ-

246 1953 359 2001 έλκει,
377 1965 423 1988 ac
445 1945 859 2002 verbumffcvyzo'cvsw.
893 1946 1032 1984 CLnn.
1093 1946 1183 1984 Irno
1209 1960 1294 1984 non
1318 1946 1450 1999 magis
1473 1945 1569 1994 hoc,
1585 1959 1708 1996 quam

246 2007 374 2054 i11ud3
399 2006 449 2045 de
472 2020 552 2059 qua
572 2003 741 2057 quidem
765 2018 821 2052 re,
837 2017 888 2041 ex
909 2017 993 2055 quo
1009 2002 1289 2040 Grammatica
1312 2001 1514 2040 subtilius
1536 2001 1708 2040 tractari

248 2072 505 2117 coeperunt,
538 2061 614 2099 vix
638 2059 1058 2114 dubitatioaamplius
1080 2068 1170 2097 esse
1191 2068 1345 2111 potest.
1377 2059 1534 2097 LEHM.

362 2119 464 2159 Eud.
488 2122 513 2160 l.
538 2121 578 2162 5.
615 2114 836 2158 Μανθάνω
857 2115 881 2171 ᾑ
904 2116 1052 2168 λέγεις)
1083 2115 1207 2169 Angl.
1233 2112 1292 2156 ὅτι
1312 2116 1380 2155 καὶ
1402 2120 1481 2170 Ray.
1515 2117 1576 2153 sic
1595 2113 1707 2154 idem

249 2176 358 2218 cod.
378 2191 453 2224 pro
481 2172 634 2217 ὁποίων
653 2175 720 2214 καὶ
743 2169 905 2214 ὁπόσων
925 2171 1053 2210 habet
1074 2169 1195 2212 ὁποία
1212 2173 1279 2212 καὶ
1299 2168 1439 2212 ὁπόσα,
1470 2172 1649 2210 Bounn.

359 2232 459 2273 Eud.
482 2235 508 2271 l.
532 2237 570 2275 6.
611 2228 664 2271 Τὰ
690 2230 758 2282 μέν
789 2229 868 2270 ἐστι
894 2228 1158 2281 προηγμένα)
1199 2228 1388 2277 Stoicus,
1432 2241 1486 2266 ex
1514 2241 1614 2265 suae
1646 2228 1711 2266 fa-

246 2289 388 2330 miliae
415 2287 642 2340 disciplina
663 2285 822 2325 dividit
847 2285 955 2323 bona
986 2285 1097 2323 inter
1117 2284 1345 2338 προηγμένα
1372 2293 1414 2322 et
1433 2280 1709 2338 ἆποπροηγμέ·

245 2362 316 2389 να·
343 2345 575 2399 προηγμένα
598 2343 731 2383 Cicero
750 2342 880 2382 vertit
902 2340 1119 2395 producta,
1166 2355 1272 2392 quae
1304 2340 1399 2378 aliis
1430 2340 1474 2377 in
1510 2339 1710 2393 eligendo

248 2403 566 2457 praeFerunturz
599 2397 914 2452 ἀποπροηγμένα
932 2397 1234 2448 interpretatur
1264 2400 1422 2449 rejecta,
1456 2410 1560 2450 quae
1593 2398 1710 2434 nulla

248 2459 541 2498 aestimatione
559 2456 687 2510 digna
710 2457 818 2494 sint:
852 2452 948 2492 vide
972 2453 1103 2505 Lipsii
1121 2451 1493 2491 manuductionem
1518 2450 1568 2490 ad
1599 2452 1710 2492 Stoi-

250 2530 337 2554 cam
359 2513 679 2568 philosophiam
709 2518 756 2554 11
775 2543 785 2562 ,
808 2516 873 2556 23.
907 2510 1082 2550 GRAEV.
1144 2508 1240 2549 Vid.
1259 2509 1376 2562 Diog.
1398 2509 1533 2548 La'c'rt.
1565 2508 1609 2546 in
1631 2509 1710 2547 Ze-

249 2586 362 2611 none
382 2585 422 2624 p,
452 2576 543 2614 189.
566 2572 615 2609 B.
646 2567 759 2607 unde
778 2567 913 2606 disces
936 2566 1038 2605 haec
1061 2564 1264 2604 vocabula
1292 2564 1343 2602 de
1363 2564 1485 2603 rebus
1508 2579 1583 2602 sua
1606 2579 1710 2617 qua-

251 2629 288 2666 si
310 2638 457 2665 natura
476 2624 822 2665 indifferentibus
847 2623 895 2662 ab
915 2622 969 2660 iis
989 2630 1212 2673 usurpata:
1247 2635 1422 2674 quarum
1443 2630 1580 2660 tamen
1604 2621 1710 2659 aliae

251 2683 347 2722 aliis
371 2681 706 2735 anteponendae.
739 2680 911 2721 SOLAN.
976 2678 1057 2718 Cic.
1083 2677 1133 2715 de
1167 2676 1322 2715 finibus
1341 2678 1431 2726 III,
1458 2682 1495 2720 4.
1555 2677 1709 2728 Pr·0f‹{‡,·-

253 2756 363 2779 mena
386 2749 426 2779 et
444 2741 753 2793 apopro'c‘gmena
772 2750 858 2775 non
880 2734 1021 2773 minus
1039 2732 1210 2772 ferenda
1230 2748 1318 2773 esse
1339 2734 1412 2781 ait,
1442 2748 1565 2786 quam
1583 2727 1709 2786 ephip-
