1781 3174
516 198 590 229 JN
659 198 1154 233 PrscATOREM.
1470 196 1570 246 585

102 299 265 339 Nescio
280 332 291 349 ‚
324 312 448 354 quam
476 296 737 338 calliditatem
758 297 911 336 famuli
933 301 999 339 vel
1018 301 1241 353 praeconis
1266 302 1572 350 desideraverit

106 355 332 410 Scybolslus,
393 354 474 395 Sed
496 353 830 392 condonandum
854 365 993 393 tamen
1016 370 1139 396 suum
1162 359 1320 414 cuique
1343 363 1566 414 judicium.

106 412 264 452 Ges-neri
296 422 406 452 certe
434 410 598 465 judicio
625 409 863 450 adsentitur
897 412 1165 462 Wielandius,
1209 417 1285 470 qui
1319 418 1568 475 Syllogismi

100 483 325 521 personam
345 467 447 506 huic
473 470 570 505 loco
592 467 691 504 satis
713 466 854 519 lepide
880 470 1110 508 convenire
1131 484 1286 515 censet.
1346 475 1439 516 Nec
1471 480 1569 518 ille-

100 525 202 577 pide
223 525 334 565 idem
354 523 636 577 Syllogismus
657 523 788 561 simili
811 523 1037 563 verborum
1059 529 1156 565 lusu
1178 543 1303 583 supra
1326 530 1416 573 Vit.
1434 534 1565 577 Auct.

100 595 192 634 cap.
213 587 279 625 23.
306 591 413 621 extr.
439 594 662 633 personam
682 578 858 619 induere
880 583 1019 633 jussus
1039 594 1139 622 erat.
1172 586 1330 626 LEHM.

210 637 313 677 ΕαιΖ.
338 641 366 680 1.
390 641 454 681 15-
487 634 656 685 ‘'Hnew)
699 635 773 676 Sic
805 639 915 675 solet
949 638 993 675 in
1027 640 1209 681 formula
1237 646 1566 697 praeconiorum

99 693 242 733 omitti
262 692 362 747 χρὴ,
396 702 470 732 aut
493 693 629 731 simile
650 691 766 747 quid.
798 693 964 736 somn,

209 750 311 792 Earl.
331 754 357 792 1.
383 755 449 793 17.
481 750 635 802 Δίκης)
669 750 785 802 Lege
806 748 1094 804 Δικαιοσύνης,
1127 752 1178 794 de
1199 769 1281 809 qua
1302 773 1429 812 supra
1449 767 1563 807 ο.18.

96 807 216 846 Infra
241 818 381 847 tamen
403 821 480 861 pro
512 806 590 844 hac
612 805 827 844 Veritatem
858 811 1069 859 appellat,
1103 824 1137 849 c.
1160 817 1229 855 44.
1288 814 1341 853 In
1365 818 1565 859 omnibus

97 863 298 902 scribitur
328 866 455 916 δίκης,
497 863 662 903 SOLAn.
732 861 889 901 Nullus
923 863 995 903 hic
1037 880 1174 907 novae
1205 884 1414 922 personae
1445 876 1564 914 locus

96 930 209 960 erat:
241 919 313 959 sed
335 920 449 959 haud
472 918 601 957 dubie
624 920 752 971 Δίκης
777 933 799 957 e
819 933 906 958 non
929 921 1077 974 agnito
1100 926 1355 978 compendio
1377 931 1564 970 scriben-

97 973 138 1013 di
164 978 385 1029 provenit:
417 974 531 1014 unde
551 984 592 1014 et
615 975 727 1013 infra
748 977 879 1026 Δίκην
897 980 1003 1017 male
1023 980 1286 1032 scripserunt
1305 986 1457 1038 majori
1480 987 1565 1025 ini-

93 1032 203 1072 tiali.
263 1033 366 1073 Non
388 1031 585 1072 dubitavi
603 1032 749 1086 itaque
769 1030 914 1072 Solam‘
943 1035 1128 1090 eleganti
1151 1041 1389 1081 sententiae
1405 1057 1567 1084 morem

94 1101 252 1143 gerere.
278 1091 437 1128 meM.

206 1146 304 1200 Pag,
321 1149 452 1190 1741.
470 1151 534 1189 10.
558 1150 792 1199 Σησαμαῖος
810 1145 1009 1202 πλακοῦς)
1040 1148 1153 1188 Dixi
1179 1150 1231 1190 ad
1254 1153 1360 1193 Petr.
1383 1156 1563 1197 Romu).

93 1203 145 1244 V.
160 1203 420 1257 Daleclzamp.
436 1202 630 1241 Histoire
651 1201 721 1242 des
744 1205 910 1255 plantes
923 1206 1043 1243 Tom.
1059 1206 1095 1244 I.
1108 1209 1136 1246 l.
1150 1212 1187 1251 4.
1210 1222 1252 1260 p.
1267 1215 1365 1254 406.
1397 1214 1563 1253 ΒΕΜΝ.

208 1259 314 1299 Ibid.
349 1257 536 1316 Πώγωνα
559 1258 724 1314 βαθύν)
763 1259 835 1299 Sic
862 1260 1007 1299 Noster
1035 1262 1187 1302 iterum
1219 1265 1264 1302 in
1294 1267 1402 1307 Jove
1433 1271 1560 1324 Trag.

94 1330 128 1358 c.
151 1321 217 1361 26.
249 1314 537 1371 βαθυπώγωνα
555 1318 623 1357 καὶ
643 1312 852 1369 εὐγένειον.
913 1317 985 1356 Sic
1019 1317 1069 1356 de
1088 1319 1317 1361 Senectute
1346 1325 1564 1376 profunda

94 1372 187 1412 sive
217 1387 392 1426 magna,
424 1373 518 1414 Ael.
538 1373 587 1411 V.
613 1373 667 1413 H.
695 1377 742 1423 2,
762 1377 830 1416 36.
870 1369 1079 1427 βαθύτητα
1104 1381 1253 1429 γηρῶν.
1315 1379 1444 1432 Quod
1475 1381 1565 1420 ite-

95 1442 188 1468 rum
208 1429 262 1470 L.
283 1435 323 1481 7,
343 1433 384 1474 5.
416 1428 632 1484 γηράσκων
650 1427 880 1482 βαθύτατα,·
911 1428 981 1468 sed
1003 1441 1045 1468 et
1060 1432 1270 1486 ,41-ἰετορῖι.
1292 1435 1410 1476 Nub.
1431 1436 1565 1490 βαθὺς

91 1490 163 1538 τῆς
193 1483 369 1538 ἡλικίας,
403 1487 477 1542 (ut
513 1486 712 1525 observat
743 1485 846 1526 JenS.
882 1486 933 1524 ad
963 1487 1080 1526 Dial.
1108 1488 1281 1530 Luciam.
1313 1490 1364 1530 de
1393 1496 1561 1546 saltat.)

92 1542 248 1581 Verum
277 1543 532 1597 generaliter
559 1542 610 1581 de
645 1542 761 1580 omni
793 1542 882 1581 fere
908 1557 1087 1596 magn03
1125 1553 1175 1582 ut
1199 1552 1371 1596 πλοῦτος
1403 1550 1562 1603 βαθὺς,

92 1597 187 1638 Ael.
209 1599 259 1637 V.
273 1601 331 1638 H.
352 1600 436 1650 III,
459 1604 523 1643 18.
556 1600 614 1637 Et
633 1597 916 1651 βαθύπλουτος
935 1613 1001 1651 ap.
1015 1600 1279 1655 Aeschylum5
1309 1604 1397 1644 vid.
1413 1607 1562 1659 Spanlz.

92 1655 179 1698 obs.
200 1653 250 1693 ad
278 1655 437 1696 Gallim.
469 1670 566 1708 pag.
586 1658 655 1699 85.
689 1656 745 1693 Et
765 1660 859 1709 γαῖα
879 1654 1121 1708 βαθυλήιος,
1141 1659 1336 1713 frugibus
1356 1661 1566 1702 abundans

89 1711 239 1761 solum,
275 1726 338 1763 ap.
359 1711 648 1764 Apollonium,
681 1710 782 1752 ibid.
802 1711 936 1750 Immo
965 1720 1006 1750 et
1027 1711 1078 1750 de
1108 1715 1363 1767 latitudine,
1396 1732 1429 1758 a.
1455 1719 1566 1759 den-

89 1768 239 1815 sitate3
273 1767 496 1807 Itlerorlian.
517 1768 622 1806 VIII
638 1797 649 1815 ,
672 1773 692 1809 1
710 1800 719 1817 ,
744 1774 781 1811 3.
815 1766 1021 1822 φάλαγγας
1043 1769 1082 1816 ἐς
1103 1768 1328 1825 τετράγωνα
1345 1774 1453 1823 ἔταξε
1473 1774 1565 1828 σχή-

88 1841 214 1876 ματα,
246 1824 454 1878 ἐπιμήκεις
485 1820 677 1878 μᾶλλονῆ
709 1826 906 1879 βαθείας,
938 1824 967 1863 i.
994 1839 1028 1864 e.
1052 1827 1156 1865 acies
1187 1826 1328 1867 densas
1355 1832 1561 1871 insit-uocit-

88 1881 256 1919 Rmm.

204 1936 307 1975 Eacl.
330 1940 358 1977 1.
387 1941 452 1980 11.
490 1934 692 1988 Παλάθην
717 1935 909 1991 ἰσχάδων)
940 1937 1059 1978 Haeo
1076 1941 1233 1992 passim
1258 1940 1371 1994 apud
1388 1942 1563 1985 Lucian.

89 1993 184 2032 Hac
213 1992 263 2032 de
293 2007 336 2032 re
372 1993 582 2048 leeoplzyl.
616 1994 763 2034 Simoc.
789 1994 923 2047 Epist.
951 1999 1018 2038 14.
1047 1993 1072 2037 ὁ
1105 1997 1146 2038 δὲ
1175 2001 1392 2047 θεσπέσιος
1427 1997 1565 2043 οὑτοσὶ

88 2052 249 2097 νεανίας
272 2054 352 2090 τῶν
382 2048 559 2102 ἰσχάδων
582 2049 630 2091 τὰ
663 2056 821 2092 πλεῖστα
845 2052 1090 2106 ἐκβέβρωκε,
1122 2055 1188 2095 καὶ
1210 2052 1281 2104 τὰς
1301 2051 1469 2109 ἀκρίδας
1487 2052 1564 2099 οὐκ

92 2101 172 2148 οἷδ’
205 2104 313 2154 ὅπως
337 2105 624 2161 έξεῤῥόφησεν,
658 2105 679 2148 ὁ
708 2108 749 2149 δὲ
778 2111 940 2162 τρυγίας
972 2107 1167 2162 ἐκεχήνει,
1196 2112 1265 2153 καὶ
1297 2111 1443 2166 μοῖράν
1474 2130 1565 2154 τινα

86 2162 172 2219 ᾔτει
201 2161 298 2215 μετὰ
327 2162 453 2217 κόρον
485 2166 722 2215 κομίζεσθαι
750 2167 906 2206 οἱ’καὸε’
940 2167 1220 2218 posteriorem
1255 2167 1366 2208 hanc
1399 2179 1564 2223 partem

89 2220 232 2273 tangit
255 2219 299 2257 in
319 2219 498 2272 Lapith.
530 2221 709 2259 Bounn.

202 2275 302 2329 Pag.
323 2280 416 2321 175.
443 2279 468 2318 1.
491 2281 529 2319 1.
564 2281 705 2318 Κεῑται
730 2275 766 2318 δ’
787 2278 830 2318 ἐν
850 2278 1054 2330 μέσσοισι)
1084 2279 1269 2319 Parodia
1293 2295 1345 2320 ex
1366 2281 1490 2321 Iliad.
1511 2288 1561 2323 Σ.

87 2332 268 2372 Bounn.
326 2333 447 2374 Hom.
481 2333 529 2374 11.
552 2337 609 2384 Σ,
643 2338 738 2377 507.
770 2335 941 2374 somn«.
1000 2335 1109 2389 Leg.
1132 2337 1173 2377 ἐν
1192 2338 1374 2390 μέσσοισι
1393 2341 1463 2378 vel
1488 2340 1565 2382 εἰνὶ

90 2388 257 2442 μέσοισι.
305 2390 358 2429 11.
380 2394 436 2439 Σ,
469 2395 564 2432 507-

313 2451 433 2488 Κεῖτο
458 2442 495 2488 δ’
516 2441 580 2498 ἄρ’
603 2447 644 2488 έν
670 2447 845 2499 μέσσοισι
868 2444 941 2489 δύο
970 2454 1136 2501 χρυσοῖο
1157 2448 1340 2501 τάλαντα,

318 2507 383 2559 Τῷ
405 2501 544 2556 δόμεν,
578 2501 622 2551 ὂς
643 2502 736 2556 μετὰ
753 2509 857 2545 τοῖσι
881 2506 998 2557 δίκην
1019 2504 1214 2548 ἰθύντατα
1235 2510 1340 2564 εἴπῃ.

93 2559 232 2598 (ΞΕεΝ.

204 2613 308 2655 Ibid.
343 2613 574 2670 Μέσσοισι)
606 2617 824 2654 Maculam
856 2615 968 2655 Edd.
998 2617 1043 2655 in
1071 2618 1151 2658 hac
1180 2634 1284 2659 voce
1314 2636 1367 2661 ex
1387 2622 1564 2663 Homero

92 2681 135 2712 et
162 2670 211 2709 B.
234 2676 274 2713 2.
311 2674 588 2723 sustulimus,
623 2674 668 2711 in
701 2672 855 2726 quibus
885 2683 974 2712 erat
1008 2676 1172 2727 μέσοισι.
1216 2676 1384 2721 SOLAN.
1445 2680 1564 2720 Idem

92 2737 318 2768 notaverat
337 2727 442 2767 Jens.
463 2728 515 2769 ad
539 2729 727 2770 Charon.
749 2744 781 2771 c,
808 2734 872 2774 14.
904 2730 1062 2772 LEJJM.
