1781 3174
513 202 594 233 tn
667 200 1150 232 cHAnonrsst.
1465 187 1569 236 459

322 301 402 340 Uni
416 317 456 340 se
477 311 592 355 atque
610 299 733 339 eidem
751 298 882 339 studio
903 315 1033 339 omnes
1055 299 1210 349 dedere,
1243 310 1279 339 et
1305 301 1405 351 arti,

321 357 454 397 Verba
475 357 569 395 dare
589 368 630 396 ut
649 367 762 396 caute
778 359 952 409 possint,
982 373 1157 411 pugnare
1179 356 1337 406 dolose,

314 413 527 453 Blandiria
549 425 711 463 certare,
747 413 889 452 bonum
909 414 1094 452 simulare
1108 416 1233 452 virum
1253 430 1314 463 se,

315 470 661 526 Insidiasjizcere,
694 481 737 509 ut
757 472 792 508 si
812 470 939 508 hostes
955 473 1032 509 sint
1054 470 1231 509 omnibus
1249 486 1394 510 omnes,

95 524 321 579 Ejusmodi
350 526 544 566 homines
574 527 742 581 egregie
775 525 1074 565 describuntur
1103 528 1238 565 instar
1267 541 1416 580 apum,
1456 541 1565 583 quae

94 581 278 621 invicem
299 596 342 621 se
363 592 575 637 pungunt.
608 582 746 624 CLER.

207 660 367 700 Ead.1.
387 666 427 704 8.
450 659 611 715 ’Ὠςπερ
648 663 822 716 σφῆκες)
866 662 947 700 Illa
978 676 1199 714 vesparum
1232 662 1371 718 imago
1404 664 1564 703 aculeis

93 717 414 756 nocentissimis
447 729 700 757 armatarum
729 734 782 758 ex
812 719 1098 772 Aristophanis
1127 720 1270 757 sabula
1306 722 1564 774 cognomine

95 770 268 811 videtur
309 772 582 822 adumbrata3
627 775 701 813 ubi
738 775 892 814 chorus
921 790 1066 814 senum
1107 790 1254 826 vespas
1287 776 1490 815 simulans
1520 776 1565 815 in

93 841 261 866 scenam
289 831 497 882 procedit,
558 830 678 871 Adeo
700 832 880 871 noxium
904 831 1094 870 animalis
1130 846 1285 885 genus,
1320 843 1368 871 ut
1394 836 1460 872 vel
1491 847 1566 886 per

94 884 281 936 quietem
316 885 504 925 oblatum
538 892 668 927 malos
692 888 888 926 homines
921 903 968 926 ac
1000 887 1187 926 crudeles
1220 888 1458 942 significet,
1493 891 1565 927 in-

92 950 278 994 terprete
294 942 552 983 Artemidoro
574 946 632 993 II,
657 951 724 988 22.
772 945 886 983 Hinc
906 943 1197 996 sycophantae
1221 956 1260 983 et
1288 946 1427 997 vespis
1454 961 1564 984 com·

91 1007 319 1049 parantur,
354 1009 396 1038 et
415 1001 572 1039 aculeis
596 1002 752 1039 instrui
773 1004 934 1039 solent:
968 1000 1155 1040 Plzilosir.
1179 1000 1228 1039 de
1252 1001 1302 1038 V.
1326 1002 1374 1040 A.
1403 1003 1564 1045 T.VII.

93 1067 135 1105 P·
159 1057 256 1097 273·
280 1069 321 1094 V·
349 1061 415 1098 27.
445 1056 539 1105 τούς
559 1059 599 1098 δὲ
614 1055 825 1105 τοιούτους
847 1054 1152 1110 εἷποβ,ὶίττουσι·ν
1186 1056 1353 1109 (editur
1376 1055 1566 1112 ὖποβλίτ-

92 1113 252 1161 τουσιν)
267 1115 308 1152 οἱ
319 1109 568 1164 συκοφάνται
581 1116 725 1169 κέντρα
736 1109 791 1156 ἐπ’
808 1109 956 1162 αὐτούς
972 1112 1140 1168 ᾗρμένοι
1152 1112 1222 1166 τὴν
1235 1118 1416 1168 γλῶτταν.
1452 1116 1564 1154 Con-

91 1167 260 1206 ferendi
282 1178 382 1207 sunt
405 1169 589 1209 Platonis
609 1171 674 1209 illi
695 1175 880 1223 κηφῆνες
901 1171 1213 1223 κεκεντρωμένοι
1232 1182 1272 1209 et
1295 1171 1403 1211 (δεινὰ
1422 1174 1566 1224 κέντρα

91 1226 248 1278 ἔχοντες
269 1223 319 1263 de
337 1224 444 1277 Rep.
468 1226 591 1266 VIII.
617 1241 712 1281 pag.
735 1233 831 1270 716.
859 1226 907 1266 C.
950 1226 1000 1266 de
1020 1228 1174 1280 quibus
1197 1226 1249 1264 ad
1276 1228 1462 1268 leemist.
1490 1229 1563 1268 Or.

92 1281 261 1319 XXIII.
283 1295 324 1331 p.
345 1287 442 1324 287.
464 1283 522 1320 D.
555 1282 750 1322 Petaz-ius.
790 1284 968 1324 Hmusw.
1026 1282 1119 1321 Nec
1140 1283 1390 1331 Lucianum,
1425 1299 1565 1338 neque

92 1337 450 1388 Hermam-basium,
473 1338 688 1378 intellexit
704 1338 941 1395 Seyholclus,
960 1338 1064 1377 alias
1088 1338 1201 1376 haud
1220 1339 1437 1393 inelegans
1460 1341 1565 1379 utri-

93 1407 228 1446 usque
248 1397 401 1442 cultor,
437 1394 510 1447 qui
532 1395 590 1433 ita
614 1395 788 1434 scribat:
823 1396 1098 1444 ‚‚Lucianus‚
1133 1409 1286 1446 paucas
1308 1406 1567 1435 tantummo-

91 1449 187 1501 „do
212 1464 364 1503 vespas
388 1450 635 1504 depraedari
656 1453 903 1502 tenuiores,
935 1452 1005 1490 ait.
1041 1459 1208 1504 poterat
1235 1451 1346 1490 forte
1368 1453 1424 1490 ita
1453 1454 1565 1492 ‹lice-

90 1521 174 1556 „re
197 1507 284 1546 suis
319 1506 598 1560 temporibus.
642 1517 686 1546 at
716 1519 861 1547 nostra
892 1517 1029 1547 aetate
1054 1525 1149 1560 gens
1181 1524 1384 1560 vesparum
1413 1510 1566 1548 mirum

91 1572 340 1617 „quantum
365 1564 514 1603 crevit.
546 1587 602 1593 -——
634 1564 858 1613 Ceterum,
895 1565 968 1617 qui
992 1565 1142 1604 Hmzst.
1182 1563 1231 1602 de
1263 1565 1433 1616 vespis,
1467 1566 1565 1605 adeo

90 1648 118 1669 5,
133 1622 300 1659 noxium
318 1620 334 1674 (
350 1619 440 1675 est)
459 1620 645 1660 animalis
660 1637 802 1674 genus,
834 1632 877 1659 ut
897 1620 959 1659 veZ
970 1638 1040 1674 pet·
1058 1623 1218 1674 quietem
1243 1620 1419 1660 oblatum
1439 1622 1566 1661 malos

92 1676 304 1727 „homines
335 1693 384 1716 ac
415 1677 587 1716 crudeles
621 1680 723 1730 signi
757 1689 833 1726 cel,
872 1681 1075 1729 inlerprcte
1101 1676 1360 1716 Artemidoro
1397 1683 1457 1727 H,
1496 1684 1564 1721 22.

90 1731 238 1783 „haec
275 1733 334 1770 ita
371 1734 480 1772 serio
521 1734 712 1784 potuerit
744 1733 945 1776 scribere,
1004 1733 1147 1770 miror.
1166 1736 1193 1754 “
1252 1734 1350 1770 Non
1391 1736 1566 1773 miratus

92 1789 259 1837 fuisset,
276 1788 310 1827 εἰ
324 1789 660 1828 Hemszerr'zusium
678 1789 854 1827 vidisset
876 1788 942 1826 his
958 1803 1020 1826 vei
1033 1788 1096 1825 bis
1112 1800 1431 1840 peropportune
1452 1794 1566 1844 joca-

91 1845 154 1894 ri,
187 1845 393 1884 infectum
420 1844 458 1884 h.
484 1848 510 1883 1.
545 1848 781 1896 paullulum
803 1844 943 1882 Momi
978 1853 1064 1883 asle
1089 1844 1323 1884 Lucianea.
1385 1848 1440 1884 Et
1472 1848 1568 1886 Lu·-

94 1904 230 1942 cianus
247 1916 397 1954 paucos
418 1901 515 1939 illos
540 1915 624 1937 non
662 1911 828 1952 poterat
861 1900 1024 1946 dicere,
1061 1901 1142 1938 nisi
1172 1914 1439 1952 comparatos
1470 1919 1565 1941 cum

91 1957 236 2010 vulgo3
269 1971 375 2010 quae
406 1957 514 1995 ratio
548 1957 724 1996 omnino
758 1956 928 2010 quidem
965 1957 1162 1995 omnibus
1198 1959 1463 2010 temporibus
1493 1974 1565 2012 par

92 2014 326 2066 reperitur:
366 2013 494 2051 modo
525 2013 662 2052 aculei
694 2027 914 2066 vesparum
947 2013 1157 2051 aetatibus
1192 2012 1372 2052 diversis
1405 2015 1564 2055 diversi

94 2083 183 2110 esse
218 2079 394 2121 possunt
429 2069 532 2109 acie.
602 2071 888 2108 Veruntamen
932 2079 973 2108 et
1006 2069 1111 2106 mihi
1151 2070 1263 2108 forte
1306 2071 1483 2120 accidit,
1516 2082 1565 2111 ut

95 2125 445 2181 Seybolclijocum
472 2140 556 2164 non
589 2126 759 2176 penitus
795 2125 973 2179 capiam.
1036 2125 1160 2179 Quod
1193 2136 1329 2166 autem
1361 2144 1453 2166 cum
1485 2129 1563 2169 hac

94 2182 418 2235 comparatione
441 2180 550 2221 idem
579 2182 792 2236 Seylroldus
810 2183 868 2220 ait
902 2183 965 2232 (in
989 2183 1179 2234 proxime
1204 2185 1415 2236 superiori
1441 2188 1562 2238 nota)

95 2238 151 2277 acl
173 2254 338 2291 unguem
370 2252 603 2291 congruere
625 2240 739 2275 illam
767 2238 931 2292 Virgilii
961 2241 1066 2278 Aen.
1091 2239 1132 2288 1,
1150 2243 1244 2282 430.
1268 2254 1329 2292 sq.
1363 2241 1452 2293 ipse
1474 2257 1561 2281 non

95 2294 268 2334 videtur
292 2308 375 2333 rem
412 2293 459 2331 ad
483 2309 668 2347 unguem
705 2295 980 2347 expendisse:
1016 2305 1106 2333 toto
1140 2299 1259 2334 coelo
1290 2296 1402 2334 enim
1436 2297 1565 2341 diffe-

93 2359 219 2401 runt,
253 2349 368 2406 quod
392 2350 586 2404 Viugilius
607 2351 720 2406 agit,
753 2361 795 2390 et
813 2350 927 2405 quod
951 2351 1169 2391 Lucianus.
1201 2352 1361 2391 LEIIM.

208 2439 311 2480 Eacl.
332 2443 360 2478 1.
385 2446 449 2483 11.
469 2439 684 2494 ’Ἀγνοιαή
716 2439 789 2481 Sic
810 2443 1048 2481 necessario
1068 2441 1317 2496 legendum,
1352 2453 1441 2483 tum
1464 2447 1566 2501 quia

98 2510 198 2535 mox
221 2496 279 2534 ita
301 2498 495 2536 nominat
517 2496 706 2551 ἄγνοιαν,
731 2508 779 2535 ut
798 2498 871 2552 qui
898 2498 947 2537 de
967 2513 1012 2537 ea
1033 2501 1111 2550 jam
1134 2498 1257 2538 verba
1279 2499 1454 2552 fecerit,
1476 2513 1563 2541 tum

102 2551 218 2606 quod
242 2553 390 2592 ceteris
417 2554 611 2593 omnibus
633 2554 918 2592 intermixtam
946 2569 1032 2593 esse
1052 2554 1183 2593 addit.
1244 2557 1306 2597 Fi.
1331 2555 1469 2599 ἕὶνοια·
1501 2574 1563 2598 re·

98 2610 244 2662 liquae
272 2606 420 2651 ἅνοιαι.
452 2612 621 2651 SOLAN.
695 2611 990 2650 Florentinum
1030 2609 1150 2652 ἄνοια
1180 2623 1419 2663 mutarunt,
1462 2617 1563 2669 quia

101 2664 329 2719 singularis
367 2680 478 2705 unus
509 2667 621 2706 inter
659 2676 725 2706 tot
753 2670 937 2720 plurales
967 2666 1166 2707 ferendus
1205 2685 1292 2710 non
1322 2669 1560 2712 videbatur.

99 2721 199 2760 Hoc
221 2720 390 2775 quidem
413 2725 524 2763 leve:
558 2722 661 2762 illud
684 2725 771 2763 sere
799 2733 978 2772 certum,
1015 2735 1201 2779 utroque
1219 2729 1315 2766 loco
1335 2729 1486 2782 reponi
1507 2732 1563 2766 al·
