1781 3174
390 210 454 241 in
530 206 812 241 vl'l'ARUm
882 208 1268 241 Auci-ioman.
1465 197 1560 244 501

91 309 255 365 apopht
260 308 452 363 begmate
473 304 584 359 apud
605 307 742 345 Ifiairu
764 305 822 356 ΙΙ,
843 311 910 351 78.
944 307 1013 346 cui
1034 306 1085 346 (le
1113 315 1297 360 utroque
1323 307 1562 349 adsentitur

88 367 140 406 ad
161 367 365 405 Lac'rtium
385 363 535 416 DIenag
525 380 610 402 tus.
642 363 708 400 Ita
731 372 871 402 autem
891 364 964 403 ille
985 363 1035 404 de
1059 364 1307 417 Aristippo.
1346 368 1559 420 κατεγίνω,

88 438 160 465 σκε
181 427 260 464 τῶν
283 417 530 474 ανθρωπων,
562 416 615 468 ὥς
633 438 678 460 τα
700 417 824 472 σκεύη
844 419 915 472 μὲν
935 422 977 462 ἐν
995 427 1080 469 ταῖς
1098 419 1332 475 ἀγορασίαις
1353 421 1558 465 σκοπούν-

84 497 162 521 των
177 511 187 528 ,
219 476 312 526 τούς
330 478 371 519 δὲ
392 479 507 531 βίους
527 478 616 527 εἰκῆ
632 474 946 529 δοκιμαζυντων.
1007 478 1093 516 Hic
1124 492 1178 516 ne
1214 477 1383 531 quidem
1403 493 1556 518 neces-

85 536 240 574 sarium
262 543 325 572 est
342 548 435 573 serv
440 547 486 572 os
506 533 744 586 intelligere
759 562 769 581 ,
805 532 958 587 quidni
978 535 1090 573 enim
1113 535 1283 584 amicos,
1316 536 1555 589 conjuges?

83 595 142 632 Et
170 591 205 629 si
236 589 400 643 aliquid
427 588 604 638 horum,
645 591 711 628 vel
744 589 912 640 omnia,
954 590 1193 644 intelligas3
1226 590 1381 630 retinet
1410 599 1552 631 tamen

83 646 442 702 significationem
468 645 681 698 propriam
707 642 727 686 ὅ
747 648 851 700 βίος
915 646 1082 696 Vitam,
1114 660 1275 696 mores,
1308 648 1446 693 facta,
1479 662 1551 687 ex-

79 703 239 757 plorari
259 701 409 741 suadet
425 702 671 754 Aristippus
691 700 936 750 hominum,
970 717 1076 756 quos
1098 702 1327 757 adjungere
1344 704 1425 742 tibi
1446 719 1551 759 quc-

78 774 249 814 cunque
281 757 407 798 modo
438 759 558 797 velis,
619 758 711 797 Nec
753 762 878 811 plane
913 760 1024 813 apud
1061 760 1287 799 Lucianum
1314 763 1418 799 vitae
1447 772 1551 800 sunt

78 817 260 864 umbi-‚ae
293 816 459 862 εἴδωλα,
493 832 639 865 manes,
670 824 935 856 mortuoium
959 815 1333 870 philosophorum,
1365 827 1415 856 ut
1434 817 1548 871 apud

80 874 174 927 Virg,
169 872 294 912 illum
314 871 399 922 VI,
426 876 522 922 292

415 943 418 945 ’
643 950 699 958 —-
729 939 856 968 tenues
873 931 954 969 sinc
977 944 1137 982 corpor-e
1155 930 1273 968 vilae.

74 984 159 1026 Sed
189 984 346 1024 retinet
374 987 464 1038 βίος
491 987 708 1025 solennem
752 995 793 1024 et
822 985 1214 1040 frequentissimum
1253 985 1543 1034 intellectum,

75 1055 161 1095 quo
183 1042 298 1079 vitae
323 1042 554 1091 rationem,
590 1043 985 1095 professionemque
1007 1041 1112 1082 adeo
1133 1051 1279 1080 notat:
1312 1042 1397 1079 nisi
1427 1043 1543 1096 quod

73 1097 268 1150 Satyrica
288 1098 604 1161 prosopopoeia
627 1097 697 1135 hic
719 1098 832 1137 vitae
854 1109 896 1137 et
917 1098 1115 1136 instituta
1138 1108 1359 1151 ponuntur
1382 1107 1429 1136 ut
1448 1112 1542 1150 per·

73 1168 217 1194 sonae
281 1156 379 1202 Βίος
399 1155 599 1192 nimirum
620 1153 927 1208 Πυθαγοοικόε,
958 1165 1006 1193 ut
1025 1154 1107 1192 hoc
1128 1164 1242 1203 utar,
1276 1163 1339 1193 est
1358 1168 1540 1206 persona

72 1211 287 1259 omnium,
322 1211 396 1263 qui
419 1225 461 1249 se
479 1210 792 1265 Pythagoricos
817 1211 982 1251 dicunt.
1041 1212 1219 1249 Interim
1240 1208 1422 1248 subinde
1438 1209 1540 1248 den-

71 1278 132 1306 tes
165 1267 338 1318 stringit
368 1267 573 1306 Lucicmus
611 1266 654 1304 in
689 1277 781 1305 acta
806 1277 849 1307 et
877 1281 1090 1307 sermones
1120 1267 1309 1318 ipsorum
1347 1276 1536 1305 veterum

69 1322 439 1390 philosophorum.
499 1323 596 1360 Hoc
621 1333 711 1361 tota
733 1324 896 1378 dialogi
916 1323 1026 1362 iatio
1058 1322 1241 1376 ingerit,
1274 1322 1357 1361 hoc
1380 1322 1536 1375 proxi-

67 1393 183 1429 mus,
215 1376 498 1433 ἇναβιοῦντες,
531 1379 660 1433 cogit.
694 1380 830 1418 GESN.

182 1435 319 1474 Acute
338 1449 438 1475 sane
465 1435 507 1473 in
535 1434 617 1474 hoc
641 1439 852 1489 opusculo
877 1435 1107 1485 variarum,
1140 1435 1184 1473 in
1212 1449 1316 1487 quas
1340 1435 1534 1487 philoso-

66 1491 144 1544 phi
171 1491 390 1539 abierunt,
434 1491 651 1532 Sectarum
682 1492 911 1532 vanitatem
945 1503 986 1532 et
1010 1492 1113 1531 vitia
1138 1492 1298 1544 aperire
1327 1492 1533 1531 Lucis-mus

67 1548 311 1595 videbitur;
362 1563 538 1601 quarum
581 1549 799 1601 principes
836 1551 925 1588 iere
958 1549 1107 1587 Attico
1146 1551 1232 1587 sale
1262 1550 1529 1602 perstringit.

65 1605 182 1643 Haec
203 1615 339 1659 autern
362 1615 402 1643 et
425 1604 580 1643 similia
602 1604 714 1658 apud
735 1604 851 1644 hunc
871 1605 1144 1659 legentibus
1135 1620 1146 1641 1
1155 1620 1178 1641 n
1202 1606 1387 1642 animum
1407 1604 1533 1642 indu-

66 1670 187 1710 cant,
220 1672 369 1699 auctor
390 1661 496 1711 sim,
536 1676 625 1699 non
652 1676 702 1701 eo
735 1661 876 1700 animo
914 1662 1070 1714 scripta
1106 1675 1214 1711 esse,
1255 1670 1302 1698 ut
1334 1675 1354 1698 a
1383 1659 1529 1698 studio

64 1717 300 1769 sapientiae
321 1716 373 1755 ad
395 1719 592 1769 supinam
614 1717 718 1756 boni
741 1718 877 1756 omnis
906 1721 1097 1769 rectique
1117 1716 1432 1769 ignorationem
1455 1715 1526 1753 ho-

63 1774 224 1812 minum
248 1784 479 1813 avocentur
499 1783 684 1820 mente53
716 1772 788 1813 sed
811 1784 860 1812 ut
880 1773 983 1825 quid
1002 1774 1046 1811 in
1077 1773 1218 1823 pravis
1251 1770 1531 1825 perniciosis-

63 1844 145 1882 que
174 1829 436 1882 quarundam
471 1828 790 1882 disciplinarum
826 1829 1041 1868 institutis
1070 1829 1318 1874 vitandum3
1362 1828 1406 1865 in
1435 1828 1531 1866 aliis

61 1899 185 1934 vero,
219 1900 324 1937 quae
346 1885 567 1924 honestum
590 1896 835 1939 rectumque
857 1894 1118 1939 sequuntur,
1152 1884 1255 1938 quid
1285 1896 1424 1924 tamen
1444 1885 1532 1921 mi-

62 1956 141 1980 nus
163 1941 381 1980 commode
402 1940 625 1991 doceatur,
657 1941 1019 1989 animadvertant,
1054 1957 1106 1982 ne
1124 1952 1165 1980 et
1188 1940 1271 1994 ipsi
1293 1941 1337 1978 in
1361 1939 1529 1979 eosdem

63 2008 136 2036 aut
157 1997 317 2035 similes
339 2011 525 2044 erroreS,
556 1998 732 2036 humani
757 1997 922 2051 aliquid
947 1999 1079 2050 passi,
1114 1997 1403 2050 prolabantur.
1437 1996 1529 2036 Nos

65 2064 176 2093 certe
217 2052 513 2105 Christianos,
550 2069 657 2107 quos
679 2070 752 2096 sua
781 2058 876 2093 luce
910 2054 1109 2108 dignatus
1133 2064 1196 2092 est
1229 2053 1454 2105 purissima
1483 2054 1527 2091 in

64 2109 155 2148 filio
182 2111 302 2147 Deus
327 2110 377 2149 Ο.
405 2110 468 2148 M.
497 2124 662 2163 operam
685 2110 780 2149 dare
803 2110 943 2158 decet,
978 2121 1025 2148 ut
1047 2125 1185 2164 neque
1208 2122 1394 2149 veterum
1418 2124 1530 2147 som-

64 2166 149 2204 niis
173 2176 245 2204 aut
274 2165 323 2203 ab
349 2167 443 2204 aevi
472 2168 607 2205 nostri
631 2166 988 2219 philosophorum
1012 2181 1162 2205 nomen
1185 2181 1281 2219 prae
1305 2180 1347 2204 se
1383 2166 1530 2204 seren-

64 2222 201 2271 tibus,
236 2236 256 2261 a
280 2237 421 2261 nonna
446 2223 516 2260 illa
539 2224 713 2262 salutari
739 2223 892 2260 abduci
926 2238 976 2263 ne
997 2225 1208 2261 tantillum
1243 2221 1413 2276 quidem
1444 2236 1531 2273 pa-

63 2279 240 2328 tia1nur3
273 2288 393 2317 tanto
416 2283 634 2330 majorem,
668 2295 789 2333 quain
814 2281 897 2326 illi,
932 2284 1097 2331 culpam
1123 2279 1165 2316 in
1189 2293 1265 2317 nos
1286 2277 1526 2326 admissuri,

66 2344 227 2387 quanto
248 2333 536 2386 splendidiore
562 2350 608 2374 ac
635 2338 805 2387 puriore
827 2339 921 2375 luce
941 2335 1111 2373 (livinus
1133 2335 1175 2372 in
1198 2335 1419 2388 scripturis
1434 2334 1528 2386 Spi-

67 2393 172 2430 ritus
197 2405 334 2429 veram
361 2391 485 2430 nobis
508 2391 559 2430 ad
593 2391 844 2443 sapientiam
874 2392 1269 2443 beatitudinemque
1299 2392 1410 2430 viam
1434 2405 1529 2428 ina-

66 2447 343 2486 uisesrissime
366 2451 445 2500 jam
471 2464 517 2487 ac
540 2447 772 2486 certissime
797 2448 1071 2486 demonstrat
1104 2449 1270 2489 Sora,
1331 2448 1426 2499 Ipse
1451 2447 1530 2485 Lu-

67 2505 205 2543 cianus
225 2517 388 2542 causam
414 2519 527 2543 suam
553 2505 665 2559 agit,
699 2519 961 2558 scopumque
988 2520 1128 2553 suum,
1163 2503 1277 2556 quod
1301 2519 1386 2542 non
1421 2503 1529 2541 de1i·

70 2558 168 2598 deat
192 2574 313 2598 veros
335 2560 643 2616 philosophos,
677 2561 780 2598 satis
803 2560 992 2599 ostendit
1013 2571 1104 2599 toto
1128 2559 1297 2614 dialogo
1336 2560 1528 2611 proxime

69 2615 280 2668 sequenti,
305 2614 500 2665 inprimis
522 2618 570 2655 ab
599 2632 630 2655 c
650 2622 711 2660 15.
744 2617 793 2654 ad
820 2617 941 2655 finem
967 2617 1067 2656 f.ere
1100 2618 1262 2655 Rm-rz.
1324 2617 1423 2656 Non
1449 2631 1530 2654 ne-

71 2681 142 2726 gat
167 2681 302 2709 tamen
334 2672 712 2726 lVielamlin.‹'1pse.
746 2673 921 2711 nimium
958 2674 1084 2726 genio
1108 2688 1184 2712 suo
1213 2674 1252 2711 iu
1283 2673 1364 2711 hoc
1396 2687 1531 2726 opus-

72 2730 169 2766 culo
192 2726 419 2770 indulsisse
441 2730 688 2780 Lucianum,
721 2740 763 2768 et
783 2730 962 2768 maxima
984 2730 1073 2770 fere
1096 2730 1249 2783 injuria
1274 2729 1380 2769 risui
1403 2745 1531 2783 expo·
