1781 3174
170 152 270 203 568
527 163 1284 196 ADNo'rA'rroNES

170 265 242 305 De
261 261 407 301 Luctu
429 277 464 301 o.
486 264 553 305 16.
578 260 845 314 poenituisse
875 260 1046 302 videtur
1075 261 1293 315 Reitzium,
1329 262 1445 318 quod
1472 277 1559 304 non
1590 273 1633 304 et

172 319 247 359 hio
270 317 512 372 reposuerit
536 316 660 371 παρὰ.
703 331 841 371 neque
862 317 904 356 id
929 327 1093 358 temere.
1152 319 1259 358 Nam
1281 319 1332 358 ad
1355 319 1562 360 Codicum
1584 322 1634 361 il-

173 379 312 419 iorum
346 375 496 421 trium,
530 388 636 427 quos
669 372 840 413 Solanus
869 384 1037 414 secutus
1072 385 1154 426 est,
1187 377 1483 416 auctoritatem
1510 391 1637 416 acce-

176 431 285 472 dunt
306 430 432 470 etiam
457 429 542 469 duo
564 429 717 469 Pariss.
742 433 866 474 2954.
885 440 927 470 et
957 435 1082 474 3011.
1104 442 1147 470 et
1170 431 1279 474 Edd,
1305 433 1356 471 A.
1381 439 1418 476 1.
1441 442 1482 472 et
1499 438 1538 476 2.
1562 433 1637 471 ubi

177 487 311 542 figura
340 485 656 538 compendiaria
686 486 901 541 significat
922 485 1050 538 παρὰ,
1082 500 1168 526 non
1186 491 1290 542 περί.
1352 489 1548 529 Ceterum
1571 503 1638 529 so.

175 546 302 586 lenne
330 543 515 582 Luciano
551 551 615 581 est
644 541 782 582 dicere
809 541 918 593 παρὰ
943 542 1013 585 τὸν
1041 545 1153 597 βίον,
1186 544 1392 599 imprimis
1425 546 1470 583 in
1499 546 1637 586 Dian.

176 601 330 643 Mortt.
357 613 392 638 e.
415 613 454 652 g.
478 598 574 649 XV,
596 604 635 642 4·
658 599 779 648 XVI,
803 606 843 644 ὃ.
869 599 1007 650 XXX,
1031 605 1067 643 1.
1089 610 1138 638 ut
1162 600 1217 639 sit
1234 619 1302 655 per
1319 605 1453 651 vitam,
1488 604 1528 640 in
1546 604 1639 652 vila,

178 656 271 696 dum
295 657 452 697 viveres.
511 655 644 695 Recte
668 655 813 710 itaque
835 655 1035 710 probavit
1061 658 1110 697 T.
1130 656 1175 700 F.
1195 657 1447 709 Benedictus,
1480 659 1644 711 recepit

178 711 463 754 Schmieclerus.
494 711 654 753 LmrM.

292 768 394 821 Pag.
418 769 562 812 157.1.
581 771 618 812 5.
645 765 833 822 Ῥήτωρ)
863 767 1137 809 Valedixerat
1157 784 1257 825 ergo
1278 770 1642 824 jamRhetoricae,

178 838 275 865 cum
298 823 510 878 ejusmodi
531 825 741 878 Dialogos
767 834 841 863 aut
873 825 1039 865 libellos
1060 840 1278 880 aggressus
1297 837 1380 867 est:
1413 826 1530 881 quod
1552 827 1644 880 ipse

178 895 281 920 mox
310 880 480 933 plenius
522 880 729 920 fatebitur
757 896 792 919 c.
819 886 888 925 29.
918 882 1212 937 rationesque,
1254 882 1407 937 quibus
1443 882 1645 922 inductus

181 935 228 976 id
251 936 424 987 fecerit,
459 935 673 976 edisseret.
706 936 877 976 SOLAN.

295 992 399 1033 Ead.
428 995 456 1032 1.
486 998 552 1036 10.
602 991 654 1034 Τὸ
687 995 808 1047 μηδὲν
843 992 1001 1046 ὄντων)
1032 994 1104 1035 Sic
1144 993 1297 1034 iterum
1332 995 1552 1034 Lucianus
1579 995 1650 1034 De

181 1048 321 1091 Mero.
345 1048 484 1088 Cond.
505 1063 537 1091 c.
564 1054 628 1093 16.
654 1060 698 1088 et
723 1051 798 1090 Bis
820 1052 918 1093 Acc.
943 1066 976 1090 e.
1003 1057 1071 1094 20.
1121 1051 1289 1092 SOLAN.

299 1105 404 1145 Ead.
425 1107 453 1145 l.
480 1111 544 1149 11.
577 1105 715 1160 Πρὸς)
744 1108 860 1147 Mare
879 1106 1095 1162 legebatur
1113 1117 1236 1147 antea
1259 1107 1302 1146 in
1326 1109 1542 1163 plerisque
1559 1106 1651 1164 πρό.

185 1160 269 1204 Sed
291 1162 399 1200 Mss.
423 1162 561 1202 Codd.
582 1163 628 1202 P.
647 1163 701 1202 L.
731 1173 774 1202 et
798 1164 835 1204 S.
860 1162 924 1203 ed.
950 1174 1063 1203 recte
1083 1161 1197 1217 πρός.
1242 1164 1405 1204 SOLAN.

298 1217 399 1271 Pag.
417 1222 511 1263 158.
533 1222 558 1260 l.
580 1224 618 1263 4.
643 1217 919 1274 Ἀριστοφάνει
943 1221 1045 1272 etc.)
1076 1221 1127 1259 In
1148 1220 1344 1259 Nebulis.
1377 1223 1522 1260 Bnon.
1582 1223 1654 1260 De

184 1274 255 1317 his
275 1273 439 1328 priscae
464 1275 711 1316 comoediae
736 1276 1016 1330 scriptoribus
1041 1277 1186 1317 Horat.
1212 1277 1297 1319 Sat.
1321 1281 1360 1320 4.
1390 1277 1554 1331 Eupolis
1579 1277 1654 1316 fio·

185 1331 276 1370 ruit
298 1335 366 1374 88.
387 1331 667 1384 Olympiade,
699 1333 895 1386 principe
913 1332 1203 1386 Apollodoro,
1236 1344 1285 1372 ut
1307 1333 1494 1373 Eusebius
1515 1332 1655 1373 obser-

186 1386 334 1433 vavit3
368 1386 496 1439 hujus
517 1389 713 1428 meminit
739 1388 820 1429 Cic.
843 1389 887 1427 in
910 1389 1060 1427 Bruto.
1119 1389 1277 1441 Baptas
1300 1389 1489 1443 ejusdem
1510 1389 1655 1427 fabula

189 1457 214 1484 a
235 1452 384 1482 nostro
406 1444 588 1484 Lucieno
609 1444 857 1484 celebratur.
892 1445 955 1483 Co
965 1458 1034 1486 GN.
1093 1445 1402 1498 Aristophanem
1423 1444 1539 1498 quod
1559 1446 1661 1483 atti..

189 1508 286 1549 net,
318 1513 380 1538 res
401 1515 454 1540 ex
474 1500 676 1540 Nubibus
710 1501 813 1540 satis
834 1511 958 1548 nota;
992 1499 1065 1540 sed
1089 1500 1252 1554 Eupolis
1284 1501 1388 1554 quid
1410 1500 1657 1555 designarit,

188 1555 339 1595 nescio
371 1570 423 1595 an
455 1571 506 1596 ex
535 1557 632 1596 aliis
661 1558 835 1612 liqueat.
897 1556 995 1600 Vid,
1029 1557 1136 1612 quid
1164 1571 1242 1596 nos
1270 1558 1574 1611 conjecerimus
1607 1556 1661 1596 ad
1688 1556 1690 1559 ’

190 1612 334 1651 Prom.
361 1612 406 1650 in
428 1612 584 1654 Verbb.
605 1627 641 1656 ο.
663 1619 702 1658 2.
743 1612 919 1654 SOLAN,

305 1667 411 1709 Ead.
433 1672 458 1708 l.
483 1673 523 1712 9.
551 1666 605 1710 ‘O
626 1668 746 1720 θεὸς)
780 1670 981 1709 Bacchus.
1026 1664 1172 1710 BROD.

307 1723 410 1766 Ead.
427 1728 457 1766 l.
479 1731 544 1769 10.
583 1725 687 1775 Τοῦς
708 1724 924 1781 ἀρίστους)
955 1727 1214 1780 Frequentes
1245 1739 1291 1765 ea
1315 1735 1452 1766 aetate
1472 1726 1661 1766 virorum

194 1777 462 1821 eruditorum
485 1782 657 1831 circuli,
692 1783 736 1821 in
756 1783 909 1836 quibus
929 1783 1118 1836 fulgebat
1137 1782 1291 1821 Noster.
1323 1782 1491 1822 Sonm.

311 1836 604 1891 Pag.159.1.
633 1845 674 1883 3.
734 1837 832 1881 Τὸν
874 1836 1122 1892 διάλογον
1170 1835 1417 1893 ἡμέτερον
1459 1842 1663 1881 οἰκεῖον

195 1892 352 1945 ὄντα]
384 1894 783 1946 Necessitudinem,
816 1909 921 1950 quae
941 1896 1178 1948 Dialogum
1211 1896 1324 1934 inter
1351 1905 1394 1934 et
1423 1895 1664 1937 Socraticos

195 1949 459 2002 intercessit,
493 1951 620 2007 fingit
650 1952 813 2000 Noster,
843 1962 891 1990 ut
922 1965 997 2006 par
1027 1960 1138 1998 erat,
1173 1966 1286 2000 eam,
1323 1965 1432 2005 quae
1466 1952 1522 1990 sit
1554 1953 1665 1991 inter

187 2005 431 2064 familiares.
490 2009 608 2063 Lege
630 2008 756 2047 modo
779 2007 992 2047 Prometh.
1015 2007 1059 2044 in
1084 2007 1234 2046 Verbb.
1264 2022 1382 2060 capp.
1405 2013 1444 2051 6.
1466 2017 1508 2047 et
1528 2013 1567 2052 7.
1587 2008 1664 2046 ubi

195 2063 382 2117 ἑταίρους
413 2068 488 2105 τοῦ
518 2062 708 2120 διαλόγου
747 2074 874 2104 vocat
907 2063 1146 2103 Socraticos
1175 2063 1478 2117 philosophos,
1524 2075 1564 2105 et
1592 2065 1666 2103 Bis

195 2120 352 2159 Aecus.
376 2134 466 2172 cap.
487 2127 556 2166 33.
578 2131 620 2161 et
639 2135 754 2176 seqq.
814 2120 950 2174 Atqui
979 2120 1133 2169 οἰκέτης
1153 2119 1312 2172 ubique
1343 2119 1456 2171 apud
1482 2121 1666 2160 Nostrum

197 2174 414 2229 significat
432 2193 592 2226 servum,
613 2177 835 2234 famulum,
863 2175 1226 2230 nonsamilz'arem,
1260 2175 1373 2228 quod
1400 2175 1515 2216 Conr.
1537 2176 1665 2218 Reitz.

197 2230 245 2269 iu
259 2231 353 2270 Ind.
370 2230 422 2271 ad
443 2232 559 2272 hune
578 2236 719 2273 locum
740 2233 1055 2272 accommodare
1078 2235 1181 2273 vult.
1216 2233 1490 2271 Documento
1512 2232 1668 2284 impri-

198 2287 278 2325 mis
299 2302 386 2328 esse
406 2298 549 2342 potest
567 2293 686 2329 locus
709 2291 779 2330 Bis
795 2290 895 2329 Acc.
919 2303 952 2329 c.
979 2293 1043 2331 17.
1065 2287 1138 2325 ubi
1158 2290 1427 2328 Polemonem
1448 2287 1668 2326 Academi-

200 2357 297 2382 cum
320 2344 548 2385 Academia
572 2347 665 2400 ipsa
690 2345 797 2385 dicit
818 2349 967 2387 οἰκεῖον
989 2346 1124 2399 ἑαυτῇ,
1147 2359 1269 2397 quem
1291 2342 1470 2383 eundem
1490 2344 1671 2383 Ebrietas

200 2400 357 2453 οἰκέτην
390 2402 536 2455 ἑαυτῆς
565 2405 773 2456 appellet:
805 2405 950 2454 paullo
975 2415 1101 2453 supra
1135 2415 1169 2441 c.
1194 2406 1256 2445 16.
1276 2414 1381 2438 voce
1408 2396 1670 2453 ἀνδράποδον

202 2469 281 2510 pro
304 2458 458 2511 οἰκέτης
480 2473 554 2499 usa
584 2460 737 2498 fuerat.
797 2459 890 2500 Jam
913 2467 956 2497 et
977 2456 1150 2497 Solemus
1171 2456 1268 2495 voci
1297 2456 1452 2505 οἰκέτης
1477 2459 1671 2511 vulgatae

201 2511 323 2553 litem
347 2512 559 2565 intendit,
591 2515 812 2568 suspicans
835 2516 1001 2556 οἴκοθεν
1026 2512 1275 2567 legendum,
1308 2521 1349 2550 et
1373 2511 1559 2551 Gesnerus
1581 2527 1671 2552 ver-

204 2567 261 2608 tit
271 2568 499 2624 familiaris
521 2582 669 2621 noster,
703 2571 870 2624 vulgari
891 2569 1068 2610 lectioni
1089 2569 1227 2608 minus
1241 2599 1250 2617 ,
1284 2582 1405 2621 quam
1422 2570 1510 2607 loci
1533 2569 1673 2608 ratio-

203 2623 352 2674 nibus,
394 2627 725 2668 accommodate.
795 2628 912 2666 Hinc
946 2625 1059 2663 nihil
1099 2622 1324 2663 videbatur
1354 2625 1507 2663 certius
1542 2624 1673 2664 statui

203 2693 346 2733 posse,
381 2694 504 2735 quam
527 2697 603 2736 pro
627 2685 782 2737 οἰκέτην
802 2683 846 2724 h.
865 2686 893 2724 l.
917 2684 1067 2726 οἰκεῖον
1089 2679 1400 2720 restituendum
1419 2696 1522 2730 esse,
1551 2694 1675 2735 quam
