1781 3174
208 199 305 245 646
552 206 1303 241 ADNOTA'rloNEs

209 307 343 362 psisse
361 310 472 363 κακῷ
490 303 609 360 Σύρῳ
635 302 740 354 ὄντι,
773 308 896 357 quam
921 302 1144 344 admodum
1167 303 1414 359 languidam
1442 310 1662 359 περιττολο·

208 368 300 421 γίαν
339 363 532 417 equidem
572 360 888 415 elegantissimo
929 361 1126 411 scriptori
1162 360 1389 400 obtrudere
1426 363 1658 411 noluerim;
1694 393 1699 395 .

213 421 342 474 idque
375 429 494 458 tanto
529 418 721 471 aegrius,
755 431 881 470 quum
911 417 1114 456 Imcianus
1150 417 1241 470 ipse
1262 433 1348 455 non
1374 420 1508 456 solum
1533 418 1664 458 fuerit

213 478 335 524 Syrus
355 486 454 513 natu
471 507 482 523 ,
515 474 587 513 sed
607 475 732 512 etiam
755 473 797 510 in
821 473 988 525 scriptis
1011 474 1097 511 suis
1115 473 1224 511 hanc
1243 473 1420 526 patriam
1444 488 1558 512 suam
1581 489 1667 514 sae-

212 527 309 586 pius
329 530 589 585 profiteatur.
647 531 739 568 Imo
759 530 981 578 janitorem
1005 529 1130 568 istum
1151 529 1257 568 dicit
1277 535 1407 578 κακῶς
1426 533 1663 580 Συρίζοντα,

216 599 423 643 quatenus
443 587 626 625 sermoni
648 586 892 624 suoLatino
914 585 1066 638 passim
1085 600 1210 625 voces
1234 595 1273 624 et
1289 601 1416 625 sonos
1437 586 1666 627 admisceat

215 660 237 684 e
270 643 407 697 patrio
433 646 523 682 solo
546 642 729 695 petitOS,
759 641 882 689 male,
915 645 1067 691 misere,
1098 642 1268 696 perdite,
1299 646 1562 696 syrisscmiem,
1597 644 1667 682 ein.

213 699 580 741 kaudervvelscher
601 697 822 752 Syrischer
849 697 1158 748 rhuerhueter,
1189 707 1239 736 ut
1267 698 1374 738 bene
1403 699 1669 752 JVz'eZamIius,

218 757 422 798 Ges-nerum
451 764 631 794 secutus.
690 756 812 793 Hanc
849 753 1221 807 simplicissimam,
1266 756 1445 808 opinor,
1486 757 1671 808 explica-

214 814 376 851 tionem
401 825 538 864 neque
560 825 673 849 nune
707 809 902 864 quidem,
935 825 1008 848 cur
1040 812 1228 863 mittam,
1259 810 1412 860 video,
1444 823 1671 864 postquam

213 868 537 909 humanissimus
562 867 733 906 Iacobus
756 881 888 917 nuper
913 866 964 904 in
987 867 1121 906 literis
1140 866 1191 905 ad
1216 881 1280 907 me
1299 867 1434 905 missis
1457 870 1672 919 conjectu-

216 938 302 964 ram
324 939 437 962 suam
461 924 717 977 argumentis
735 923 940 974 imprimis
963 937 985 962 e
1006 924 1215 962 facilitate
1236 923 1548 963 emendationis
1574 937 1672 964 suae

217 981 409 1033 repetitis
454 981 642 1019 stabilire
676 978 853 1018 studuit.
922 978 1084 1018 Relinus
1111 990 1222 1019 recte
1265 979 1435 1032 quidem
1467 979 1592 1018 verba
1628 981 1674 1018 in

218 1037 583 1091 Francogallicum
609 1050 838 1074 sermonem
873 1038 1110 1084 convertit,
1143 1035 1215 1075 sed
1248 1036 1416 1074 notavit
1447 1035 1597 1085 simul,
1630 1050 1673 1075 se

220 1107 241 1130 a
259 1096 427 1146 vulgata
460 1093 643 1132 lectione
663 1094 874 1142 Συρὶζοντι
902 1092 1142 1141 recessisse,
1175 1101 1217 1130 et
1239 1091 1381 1131 Solani
1411 1091 1676 1130 emendatio-

219 1163 312 1187 nem
336 1159 524 1188 secutum
549 1163 650 1188 esse.
711 1149 825 1201 Ergo
852 1158 892 1187 et
914 1147 985 1185 hic
1011 1148 1129 1186 verbi
1154 1151 1339 1203 Συρίζειν
1358 1150 1446 1188 vim
1469 1163 1555 1187 non
1577 1162 1676 1188 sane

218 1207 416 1244 latentem
439 1205 667 1259 ignorrvit.
698 1206 852 1246 Lnun,

332 1271 435 1310 Ibisl.
466 1270 630 1322 ’Omine
675 1269 784 1324 ἤτορι
802 1269 998 1327 Λιβυκῷ)
1027 1273 1118 1310 Hac
1151 1271 1201 1311 de
1233 1287 1276 1312 re
1301 1271 1468 1314 Casazzb.
1490 1270 1541 1311 ad
1573 1271 1678 1312 Suet.

219 1327 296 1366 ubi
326 1328 375 1366 de
409 1328 540 1366 servis
574 1329 702 1380 Syris:
738 1330 877 1369 savar.
914 1328 966 1366 ad
1002 1328 1088 1366 sid.
1125 1328 1216 1366 dixi
1243 1328 1293 1367 ad
1315 1329 1469 1368 Pau-on.
1502 1324 1678 1369 Eoum).

218 1385 386 1423 Praeter
409 1383 574 1423 casaub.
597 1384 648 1422 acl
673 1384 776 1423 Suet.
798 1386 904 1438 Aug,
931 1399 964 1422 c.
989 1389 1053 1426 19.
1077 1384 1161 1422 vid.
1188 1384 1290 1423 Plus.
1317 1386 1362 1423 in
1395 1385 1488 1424 Cat.
1513 1389 1615 1436 526,
1640 1389 1676 1426 1.

219 1439 294 1479 Ubi
317 1437 600 1494 ὀνοματολόγοι
622 1439 824 1490 audiunt,
856 1450 898 1478 et
917 1439 1021 1479 Hor.
1045 1441 1124 1491 Ep,
1145 1441 1190 1489 I,
1221 1445 1260 1483 6.

441 1497 913 1551 Sifortunatum.species
935 1507 969 1534 et
991 1499 1124 1547 gratia
1141 1508 1334 1549 pra-estat,

436 1553 660 1592 BIm-cemur
682 1568 852 1601 servum,
887 1555 953 1607 qui
977 1551 1093 1591 dictet
1115 1556 1294 1602 nomina,
1329 1553 1479 1593 laevum
1496 1583 1509 1604 ,

444 1608 667 1664 Quisodiat
685 1607 789 1646 lalus
812 1618 890 1649 etc.

222 1662 304 1703 Sed
327 1663 460 1720 Asi-os
486 1664 587 1702 huic
610 1664 848 1703 ministerio
878 1663 1144 1717 potissimum
1162 1695 1172 1712 ‚
1205 1673 1263 1702 ut*
1288 1664 1407 1719 Syros
1425 1665 1519 1715 illi,
1556 1664 1682 1702 adhi-

223 1719 359 1766 bitos‚
394 1735 444 1758 an
477 1734 527 1758 ex
557 1721 651 1758 aliis
683 1720 807 1759 etiam
837 1730 1024 1770 constet,
1056 1720 1215 1760 nescio.
1248 1722 1415 1760 SoLm.
1473 1721 1585 1775 Asro
1605 1737 1682 1759 no·-

222 1775 472 1826 menclazori‚
504 1776 934 1816 Brod.Misce11.1X.
967 1781 1087 1820 c.13.
1115 1776 1240 1815 Unde
1272 1785 1413 1828 patet,
1447 1791 1542 1815 eum
1576 1791 1682 1832 quo-

225 1845 308 1885 que
331 1831 460 1884 ὄνομα
484 1842 525 1871 et
545 1831 708 1886 κλήτορι
728 1830 938 1871 discretim
959 1833 1137 1887 legisse3
1169 1833 1336 1871 frustra.
1369 1834 1531 1875 Rmm,

336 1911 435 1963 Pag.
458 1913 601 1955 243-1.
628 1917 666 1954 2.
702 1907 926 1965 Χρώματα)
957 1911 1278 1948 Vetustissimus
1306 1910 1446 1966 itaque
1479 1921 1520 1951 et
1547 1926 1570 1950 a
1595 1913 1684 1952 Ro-

223 1967 358 2005 manis
379 1981 512 2019 usque
542 1967 734 2016 traditus,
769 1967 841 2019 qui
863 1965 992 2004 hodie
1014 1981 1182 2019 quoque
1210 1967 1389 2017 obtinet,
1416 1982 1519 2018 mos,
1553 1977 1601 2006 ut
1621 1969 1683 2006 fa—

224 2024 368 2062 miliae
396 2024 646 2076 ]Magnatum
678 2023 800 2062 certis
830 2023 1043 2060 coloribus
1074 2022 1299 2062 distinctae
1334 2033 1605 2075 apparerent:
1638 2026 1684 2063 in

226 2093 276 2118 eo
302 2081 436 2117 solum
458 2079 636 2128 diversi,
673 2078 786 2133 quod
809 2092 952 2116 ornnes
973 2089 1096 2128 tunc,
1130 2093 1243 2116 nunc
1273 2080 1491 2118 inferioris
1517 2090 1683 2118 tantum

227 2134 390 2175 ordinis
414 2136 561 2173 famuli
592 2135 775 2188 insignia
800 2135 878 2172 ista
910 2142 1067 2189 gerant.
1102 2134 1262 2173 SOLAN.
1322 2136 1418 2174 Hoc
1444 2146 1555 2174 certe
1577 2151 1686 2189 pro-

224 2190 409 2229 habilius
433 2205 593 2231 sumere
616 2192 740 2240 licet,
773 2204 895 2243 quam
920 2189 1033 2243 quod
1058 2190 1220 2229 Belinus
1251 2191 1488 2229 factionum
1522 2195 1683 2231 colores

226 2246 334 2297 huc,
369 2261 502 2300 paene
537 2247 739 2295 ridicule,
772 2246 916 2284 trahit.
978 2246 1178 2286 Ostendit
1209 2246 1376 2299 quidem
1407 2249 1487 2285 ista
1517 2249 1684 2285 Roma—-

225 2303 292 2340 nis
317 2304 360 2340 in
387 2302 594 2356 eligendis
624 2303 857 2342 factionum
889 2302 1103 2341 coloribus
1129 2303 1284 2341 usitata
1315 2303 1515 2352 varietas,
1550 2302 1684 2341 nobi-

225 2361 285 2396 les
309 2373 354 2397 ac
372 2369 569 2411 potentes
591 2373 744 2397 amasse
764 2359 979 2411 proprium
1001 2372 1206 2412 quemque
1230 2373 1348 2396 suum
1371 2360 1567 2399 colorem.
1601 2357 1684 2397 Sed

232 2415 414 2453 eundem
439 2429 458 2453 a
485 2414 792 2468 gladiatoribus
807 2416 929 2453 etiam
951 2413 1001 2452 ad
1031 2415 1239 2467 parasitos
1272 2414 1362 2452 heri
1393 2413 1583 2453 literatos
1603 2429 1682 2454 ex-

226 2470 396 2510 tendere
420 2474 552 2522 velle,
585 2474 681 2525 plus
705 2485 826 2525 quarn
849 2469 1009 2521 audax,
1045 2471 1221 2523 opinor,
1254 2469 1395 2510 fuerit.
1428 2471 1586 2511 LnnM.

336 2549 439 2588 Εαιῖ.
459 2553 485 2589 1.
508 2556 548 2593 3.
586 2547 656 2597 Οἷς
686 2547 736 2590 ἂν
767 2551 958 2598 ἐκείνοις)
998 2549 1173 2601 Castigo
1205 2550 1366 2597 ἐκεῖνος.
1397 2549 1542 2588 Bnon.
1602 2552 1682 2592 loc.

225 2604 352 2644 modo
367 2605 562 2645 adducto.
594 2605 673 2645 Sed
695 2607 843 2654 ἐκεῖνος
858 2620 934 2660 ego
957 2606 1000 2643 in
1015 2605 1299 2657 omnibusjam
1326 2606 1486 2646 inveni.
1517 2607 1680 2645 Puzrrz.

225 2661 421 2701 Fortasse
455 2663 660 2701 Brodaeus
690 2677 788 2701 usus
816 2671 879 2701 est
918 2661 1073 2701 Aldina
1103 2667 1170 2708 2.,
1203 2662 1275 2699 ubi
1307 2662 1472 2711 ἐκείνοις
1500 2661 1688 2714 editum,

233 2717 484 2769 typothetae
508 2722 643 2772 culpa.
675 2720 829 2758 me.
