1781 3174
347 223 408 255 m
480 218 764 252 vr'rARUnz
833 218 1213 251 Anemonem.
1413 210 1510 258 511

160 321 264 362 Ead.
283 324 312 362 l.
339 324 404 364 12.
427 311 682 369 Ἰταλιώτης)
712 315 765 355 In
786 330 938 372 magna
957 315 1072 356 enim
1093 317 1270 359 Graecia
1288 331 1330 361 et
1349 320 1514 363 habita-

46 380 114 421 vit
135 379 415 432 Pythagoras,
443 384 486 415 et
510 373 747 425 discipulos
768 373 921 412 habuit
940 387 1094 428 magno
1119 389 1310 417 numero.
1342 378 1515 423 SOLAN.

161 426 263 477 1'Zvid.
305 437 392 475 Τῶν
409 429 513 485 ἀμφὶ
538 428 762 482 Κρότωνα)
794 432 900 484 Περὶ
922 430 1118 484 Κρότωνα
1133 432 1211 487 γάρ
1230 434 1382 474 Italiae
1405 452 1518 479 συνε-

45 492 216 546 στήσατο
251 485 501 543 Πυθαγόρας
530 485 575 529 τὸ
600 488 748 530 ἑαυτοῦ
771 486 1072 541 παιδευτήριον.
1131 489 1308 529 Inerant
1336 501 1377 531 et
1394 493 1520 532 femi..

45 564 123 589 nae
145 542 323 603 ἀκριβῶς·
347 547 588 595 ἕξασκοῦσαι
617 541 691 595 τὴν
723 545 895 599 αἵρεσιν,
928 538 984 585 ὦν
1015 545 1084 586 καὶ
1117 546 1258 588 Θεανώ
1285 543 1350 600 ἦν.
1417 549 1520 592 Τού-

43 624 138 655 τους
157 601 233 648 οὖν
264 617 390 657 φησιν
413 596 536 643 αὐτὸν
563 602 782 653 ἐωνῆσθαι.
842 601 880 638 Α
911 601 1101 641 Crotone
1124 613 1263 643 autem
1287 615 1329 644 et
1350 608 1406 655 εἷς
1433 607 1520 648 Τά-

43 681 168 716 ραντα
197 659 222 715 ἦ
252 663 407 715 αἵρεσις
449 657 628 710 διεδόθη.
697 657 755 695 Et
789 655 900 696 hanc
925 667 1052 696 vocat
1089 658 1310 700 Graeciam
1344 675 1522 717 propter

46 721 305 758 Graecorum
323 717 430 755 olim
454 714 646 753 colonias
668 713 713 751 in
732 714 872 753 Italia.
935 714 1155 768 Contigit,
1187 727 1235 756 ut
1257 718 1338 757 soli
1358 720 1521 760 fertili-

40 786 127 816 tate
153 786 195 815 et
217 772 440 826 opulentia
463 781 504 810 et
528 771 716 809 virorum
740 771 866 822 copia
889 771 1050 824 Magna
1071 770 1241 813 Graecia
1266 789 1312 814 ea
1338 790 1433 829 pars
1456 777 1521 816 di-

42 829 307 872 ceretur.‘G.
385 828 453 868 Cf.
481 827 689 866 Scholion
721 826 884 866 codicis
917 831 1043 871 2954.
1077 843 1202 882 supra
1239 830 1518 887 descriptum,

43 904 95 928 ex
117 903 202 942 quo
236 900 384 926 vocem
415 881 595 940 ἀκριβῶς
618 882 703 922 huc
733 884 962 925 transferre
990 885 1156 938 placuit
1188 886 1234 925 in
1257 890 1401 928 locum
1431 896 1521 943 τοῦ,

44 943 193 1000 ἄκρως.
225 945 384 985 LmrM.
1314 980 1316 982 v

156 1002 255 1054 Pag.
278 1005 345 1043 97.
365 1003 392 1038 l.
416 1003 454 1042 2.
495 993 753 1050 Τριακόσιοι)
786 996 899 1052 Quia
920 998 967 1037 in
988 998 1152 1054 Magna
1166 1000 1345 1041 Graecia
1367 1002 1523 1044 habuit

41 1057 311 1111 Pythagoras
334 1054 544 1108 ejusmodi
569 1054 881 1107 discipulorum
904 1053 1105 1110 κοινόβια,
1128 1071 1203 1096 seu
1225 1063 1434 1110 consortia,
1468 1061 1521 1100 de

43 1115 200 1168 quibus
223 1112 321 1152 vide
343 1112 406 1152 Jo.
432 1111 621 1166 Schqffer.
647 1110 759 1151 Phil.
778 1111 871 1152 Ital.
895 1127 929 1150 c.
946 1117 1010 1155 14.
1045 1112 1184 1154 szn.
1246 1117 1446 1169 Respicit
1468 1117 1524 1156 ad

42 1185 189 1209 eorum
223 1169 533 1222 discipulorum
568 1181 813 1217 numerum,
856 1182 962 1222 quos
992 1169 1085 1208 illic
1115 1170 1316 1211 habuisse
1346 1173 1520 1213 dicitur.

43 1227 226 1280 Quidam
264 1236 401 1264 tamen
423 1230 531 1273 600,
565 1233 638 1262 aut
662 1238 712 1263 eo
745 1227 886 1277 plures
913 1226 1046 1265 fuisse
1068 1229 1205 1281 ajunt.
1266 1228 1378 1269 Vide
1399 1230 1522 1285 Diog.

42 1284 182 1322 Laiirt.
207 1287 304 1325 214.
331 1291 373 1321 et
398 1291 489 1321 not.
524 1281 695 1320 SOLAN.

153 1338 256 1378 Ead.
274 1342 302 1377 1.
326 1343 367 1381 4.
404 1336 624 1385 Ποντικὸν)
659 1338 728 1375 De
751 1336 955 1390 Diogene
978 1338 1162 1392 Cynico,
1181 1341 1258 1393 qui
1284 1341 1370 1380 fuit
1394 1347 1528 1385 Σινω-

40 1394 134 1444 mag
160 1397 209 1434 ab
243 1395 418 1432 Euxino
453 1404 613 1446 pont0‚
645 1396 739 1446 lege
772 1394 989 1437 Lair-tium.
1035 1394 1084 1436 G.
1146 1397 1402 1451 Sinopensis
1433 1411 1527 1440 erat

41 1454 285 1507 Diogenes,
320 1465 425 1505 quae
448 1449 546 1488 urbs
570 1450 712 1490 Ponti.
753 1450 921 1492 Soram,

156 1507 259 1548 Ead.
282 1510 310 1546 1.
332 1513 370 1551 6.
399 1503 451 1547 ‘O
469 1505 541 1557 τὴν
563 1505 700 1559 πήραν
722 1507 1004 1560 ἐξηρτημένος,
1038 1505 1059 1550 ὅ
1079 1509 1265 1562 ἐξωμίας)
1299 1511 1425 1552 Certe
1447 1513 1524 1553 vix

46 1563 274 1614 credibile,
307 1564 356 1602 ab
390 1563 602 1602 Benedicta
635 1577 722 1601 non
753 1564 1015 1603 emendatam
1044 1567 1282 1606 versionem
1312 1568 1521 1608 editionis

45 1620 362 1675 praecedentis,
395 1621 466 1659 sed
493 1630 533 1658 et
554 1619 603 1658 ab
629 1619 704 1658 illo
732 1633 896 1658 versum
930 1635 1044 1669 esse,
1079 1625 1143 1661 cui
1163 1640 1216 1661 ex
1237 1624 1406 1663 humeris
1428 1642 1524 1679 pera

47 1677 258 1732 slependet;
291 1686 338 1714 ut
366 1686 478 1716 recte
511 1690 692 1715 errorem
723 1675 795 1714 hic
820 1678 1122 1718 animadvertit
1143 1679 1378 1720 Palmerius.
1440 1681 1526 1721 Sed

46 1748 186 1787 neque
215 1734 355 1785 ἐξωμὶς
376 1733 459 1771 hoc
492 1735 589 1771 loco
621 1731 954 1783 consideranda,
988 1745 1037 1772 ut
1059 1736 1226 1774 servilis
1258 1738 1416 1787 vestis,
1449 1737 1526 1777 sed.

45 1801 94 1829 ut
117 1790 288 1843 propria
315 1788 577 1841 Cynicorum
594 1817 604 1835 ‚
640 1788 795 1839 quibus
820 1792 936 1827 nulla
966 1804 1060 1840 pars
1082 1790 1305 1830 hominum
1334 1794 1526 1838 liberior.

47 1847 237 1886 Consule
258 1848 434 1884 collecta
459 1844 507 1882 ab
525 1844 611 1883 Oct.
628 1844 808 1883 Ferrario
829 1854 936 1897 part.
955 1846 1014 1888 II.
1034 1847 1116 1887 Rei
1138 1848 1375 1889 Vestiariae
1395 1850 1525 1894 lib.4.

52 1919 87 1943 c,
111 1907 179 1945 20.
206 1911 246 1940 et
266 1907 333 1944 22.
385 1901 528 1940 GRON.

162 1957 268 1998 Ibid.
304 1955 357 1997 ‘O
391 1959 580 2009 ἐξωμίας)
614 1957 756 1996 Peram
787 1956 1059 2011 dependentem
1089 1959 1234 2001 habens
1263 1978 1317 2001 ex
1346 1962 1526 2007 humeris.

48 2016 117 2055 Ita
148 2015 276 2053 vertit
311 2015 540 2065 interp1·es;
577 2014 699 2067 quasi
731 2010 834 2066 ὤμία
865 2014 1114 2055 inveniatur
1146 2032 1222 2070 pro
1250 2018 1450 2069 humero,
1486 2030 1529 2059 et

49 2072 228 2125 legisset
257 2069 397 2109 deleto
424 2070 604 2108 articulo
632 2071 671 2119 ἐξ
697 2066 822 2121 ὦμίας
845 2069 1094 2114 distinctim.
1156 2073 1237 2114 Sed
1261 2078 1391 2130 longe
1411 2077 1529 2116 aber,

50 2137 114 2166 rat
137 2142 159 2166 a
183 2141 278 2166 vera
299 2126 670 2178 interpretatione.
729 2125 782 2169 ‘O
802 2131 967 2180 ἐξωμίας
989 2140 1074 2178 est,
1095 2131 1167 2183 qui
1193 2132 1365 2184 ἐξωμίδα
1386 2133 1528 2180 habet,

50 2194 92 2223 et
121 2198 168 2222 ea
191 2183 375 2236 insignis
399 2191 484 2222 est:
520 2185 657 2235 ἐξωμὶς
680 2194 816 2223 autem
841 2195 901 2223 est
926 2186 1055 2223 vestis
1077 2187 1271 2238 servilis,
1304 2190 1365 2227 sic
1394 2189 1525 2241 dicta,

50 2254 101 2278 eo
126 2238 242 2293 quod
265 2238 486 2277 humerum
514 2240 672 2278 nudum
699 2250 739 2278 et
760 2250 971 2280 exsertum
995 2243 1259 2287 ostendebat,
1303 2245 1413 2284 Vide
1439 2246 1529 2286 Gel·

52 2296 148 2335 lium
168 2297 242 2335 lib.
267 2300 306 2338 7.
334 2309 367 2333 c,
395 2301 456 2337 12.
483 2295 556 2333 ubi
591 2311 679 2335 earn
702 2311 848 2334 vocem
881 2296 1197 2350 interpretatur.
1262 2302 1372 2341 Vide
1394 2303 1530 2358 Hesy-

54 2354 182 2392 chinm
207 2362 247 2392 et
282 2350 449 2390 suidam
476 2352 517 2389 in
541 2366 586 2391 ea
614 2367 731 2392 voce.
773 2354 919 2391 PALM.
983 2354 1081 2394 Vid.
1108 2356 1316 2397 Fabricius
1339 2359 1387 2397 ad
1412 2360 1526 2403 Sext.

52 2408 202 2462 Empir.
227 2424 265 2460 p.
289 2413 355 2452 39.
389 2408 560 2448 Salmas.
594 2407 644 2447 ad
676 2410 856 2448 Tertull.
890 2410 939 2449 de
966 2412 1067 2453 Pall.
1093 2426 1133 2465 p.
1157 2419 1251 2458 355.
1294 2417 1340 2457 it.
1363 2431 1404 2470 p.
1429 2422 1527 2462 396.

55 2478 171 2518 seqq.
204 2465 340 2504 Gnsn.

170 2521 272 2560 Earl.
297 2524 323 2559 l.
354 2525 414 2564 10.
454 2525 609 2570 Πωλεῖς
638 2518 707 2563 τὸν
729 2520 980 2576 ἐλεύθερον)
1011 2524 1174 2565 Incidit
1199 2526 1241 2564 in
1267 2542 1445 2580 poenam
1470 2533 1531 2569 le-

59 2577 123 2630 gis
151 2577 330 2625 Fabiae,
366 2577 440 2630 qui
470 2578 652 2616 liberum
685 2593 759 2630 pro
795 2593 917 2617 servo
953 2580 1117 2622 vendit.
1180 2583 1249 2621 Sic
1276 2585 1343 2626 tit.
1376 2587 1528 2626 ultimo

58 2633 201 2674 Iustit.
226 2632 277 2672 de
299 2631 417 2684 publ.
440 2633 538 2674 Jud.
562 2633 688 2688 Apul.
714 2635 790 2674 lib.
815 2640 854 2679 8.
898 2637 1075 2677 Bonnn.

173 2689 274 2728 Ead.
295 2691 322 2727 l.
349 2695 413 2732 14.
453 2688 583 2732 Οὕὸὲν
616 2689 725 2744 αὐτῷ
753 2693 890 2744 μέλει)
923 2693 1120 2745 Respicit
1153 2694 1224 2735 hic
1245 2695 1370 2750 hujus
1390 2698 1532 2752 philo-

0 2761 1 2774 *
61 2745 188 2799 sophi
210 2745 455 2796 historiam,
491 2747 565 2800 qui
587 2757 734 2801 captus
754 2762 775 2786 a
799 2749 1088 2801 praedonibus
1111 2765 1254 2792 revera
1280 2755 1464 2795 veniisse
1487 2756 1532 2793 in
