1781 3174
208 200 308 244 614
412 251 414 253 .
601 207 1362 239 ADNo'rA'rioNEs

210 306 392 355 πόδετος.
451 306 544 348 Jam
572 306 655 344 etsi
674 304 783 344 illud
800 306 954 345 rectius
975 306 1196 356 scribatur,
1231 315 1273 345 et
1296 306 1447 346 Atticis
1469 307 1683 348 veteribus

213 367 258 403 in
278 379 357 403 usu
378 363 535 412 fuerit,
566 371 615 400 ut
634 360 790 401 docent
813 362 1056 416 Plzvyniclzus
1078 372 1119 402 et
1136 363 1391 402 lectissimus
1427 366 1517 413 ejus
1549 365 1685 404 Com..

214 430 427 462 mentator
449 417 669 459 Lobeclcius
692 433 735 472 p.
757 421 852 463 445.
885 420 930 457 in
949 419 1134 458 Luc-iano
1156 429 1295 459 tamen
1320 435 1341 459 e
1365 420 1573 459 Codicum
1603 421 1684 462 fide

218 477 399 547 singplis
418 476 526 515 locis
545 476 755 528 scriptura
777 489 852 514 sua
875 475 1175 514 constituenda
1196 490 1283 515 esse
1304 475 1488 517 videtur
1549 479 1684 533 Atqui

216 545 267 574 ut
299 532 569 584 (Ξνυποδητεῖν
602 531 848 583 Cynic.17
879 533 923 570 in
960 532 1155 571 omnibus
1178 532 1294 571 libris
1325 543 1366 571 et
1404 547 1440 572 c.
1468 538 1506 576 1.
1534 534 1683 574 itidem

218 592 262 630 in
287 588 485 629 omnibus
505 598 669 641 praeter
688 589 806 630 Junt
831 588 949 628 Edit.
975 589 1160 643 legitur,
1192 599 1234 628 et
1257 586 1510 642 ἀνυπόδητος
1528 591 1685 646 Navig.

220 662 255 687 ς..
281 653 318 690 1.
353 647 413 685 ita
437 655 583 684 contra
615 645 797 698 Epistst.
818 647 1018 686 Saturnn.
1048 660 1083 683 c.
1108 649 1172 688 19
1197 646 1240 682 in
1262 643 1510 697 ἆνυπὸδετος
1541 663 1686 687 omnes

219 703 528 752 consentiunt,
560 711 603 741 et
633 701 678 739 in
701 702 882 743 Icarom.
917 716 1007 754 cap.
1031 707 1098 746 31
1128 705 1243 740 solae
1275 704 1449 745 Salmur.
1468 715 1509 743 et
1532 704 1686 754 Amst„

219 758 409 813 quibus
398 773 442 796 ln
466 757 624 797 talibus
647 772 795 823 parum
817 769 879 798 est
913 759 1209 808 auctoritatis,
1243 759 1455 799 exhibent
1486 759 1688 814 ἀνυπόδη-

218 833 297 864 τος.
358 813 561 865 Accedit,
595 814 747 868 quod
736 830 781 853 m
814 830 903 856 uno
934 815 1167 884 eodemque
1196 814 1365 867 libello,
1398 819 1690 871 cujuscunque

219 873 276 912 sit
298 871 508 921 auctoris,
541 872 684 911 Lucio
706 886 740 916 5,
764 872 884 911 Asin
908 886 941 910 c.
967 878 1030 916 16.
1066 868 1318 921 ἆνυπόόετος
1348 874 1392 910 in
1414 874 1611 912 omnibus
1632 878 1690 914 16

221 927 468 983 gi21115u13i
490 927 728 970 vid.12ei1:..
751 929 1010 982 capitevero
1032 934 1100 973 43.
1122 938 1266 967 contra
1295 930 1338 967 in
1362 930 1560 968 omnibus
1595 929 1692 972 ἄνυ-

219 984 406 1038 πόόητος.
468 983 588 1037 Quae
612 985 713 1023 satis
736 1000 944 1039 superque
974 985 1155 1035 docent,
1186 985 1310 1024 istius
1340 987 1434 1024 aevi
1464 986 1691 1039 scriptores

221 1056 358 1097 neque
379 1042 491 1079 inter
516 1055 580 1090 se,
614 1055 754 1095 neque
776 1041 859 1081 sibi
879 1057 1049 1097 quoque
1072 1042 1202 1094 ipsos,
1234 1042 1478 1081 constitisse
1501 1043 1544 1081 in
1569 1043 1695 1096 hujus

223 1113 388 1153 genens
413 1097 555 1137 verbis
575 1098 825 1138 scribendis.
886 1098 1039 1149 Aliter,
1071 1097 1213 1148 credo,
1237 1113 1300 1138 res
1321 1098 1452 1137 habet
1482 1100 1526 1137 in
1561 1114 1696 1153 quan-

224 1155 347 1194 titate
381 1153 642 1207 penultimae
675 1155 862 1207 syllabae
883 1156 1002 1195 vocis
1034 1158 1212 1220 κρηπῖδα
1232 1153 1468 1197 statuenda
1512 1157 1568 1196 H.
1591 1160 1618 1195 l.
1647 1157 1693 1195 iu

225 1210 449 1261 omnibus,
479 1220 645 1262 praeter
663 1213 798 1266 Anap.
818 1213 922 1253 Pell.
939 1212 1188 1265 ,scriptum
1209 1222 1298 1251 erat
1325 1214 1520 1265 κοηπῑίδα,
1553 1227 1696 1266 quem·

224 1266 452 1306 admodum
475 1266 580 1306 Adv.
604 1267 775 1307 Indoct.
800 1283 834 1309 e.
860 1275 899 1313 6
932 1271 1154 1324 κρηπῖδας,
1188 1270 1376 1307 etDiall.
1411 1270 1565 1308 Mortt.
1594 1270 1693 1320 XX,

224 1329 264 1367 4.
295 1340 418 1377 κρηπ
412 1327 472 1365 ’.σι
505 1323 698 1362 Coun-'a
687 1339 732 1362 m
756 1326 955 1364 omnibus
973 1329 1169 1378 κρηπῖδος
1196 1326 1352 1379 Quom.
1380 1326 1493 1366 Hist.
1519 1326 1697 1367 Conscr.

224 1395 261 1420 c.
283 1385 350 1423 27.
384 1383 559 1434 κοηπῖὸα
583 1380 729 1421 Somn.
751 1395 783 1419 5.
809 1382 919 1421 Gall.
943 1397 975 1421 c.
1002 1388 1039 1424 1.
1065 1392 1105 1421 et
1126 1387 1192 1424 20
1213 1392 1255 1421 et
1272 1381 1500 1421 Demosth.
1521 1385 1697 1423 Encom.

227 1451 319 1489 cap.
343 1441 383 1479 9.
415 1439 612 1491 κρηπῖδας
632 1438 763 1478 Dian
791 1439 968 1478 Merett.
987 1439 1065 1478 IV.
1099 1439 1168 1475 Ex
1191 1438 1259 1475 his
1279 1439 1407 1476 unice
1428 1439 1552 1477 rectis
1581 1439 1698 1493 (vid.

229 1492 432 1548 Schazgfletn
456 1492 508 1531 ad
530 1492 717 1546 Sophocl.
741 1496 862 1536 Tom.
886 1495 921 1534 I.
943 1509 982 1548 p.
1001 1494 1146 1533 XXII.
1167 1494 1314 1548 S'polzn.
1337 1494 1388 1533 de
1411 1504 1518 1534 extr.
1543 1495 1700 1546 Odyss.

227 1560 349 1603 parte
371 1564 412 1602 p.
439 1554 532 1592 171.
568 1560 610 1588 et
637 1550 830 1603 Spitzner.
853 1551 1026 1590 Griech.
1052 1552 1229 1590 Piosod.
1252 1566 1348 1604 pag.
1368 1553 1466 1601 36.)
1498 1553 1571 1590 illa
1594 1553 1700 1592 falsa

227 1608 297 1645 vel
318 1615 467 1644 contra
493 1606 702 1645 librorum
724 1621 975 1646 consensum
1000 1606 1250 1679 corrigenda
1279 1607 1546 1649 videbantur.
1606 1610 1703 1647 Re-

228 1662 391 1699 mansit
412 1672 551 1700 tamen
577 1665 749 1716 vulgale
770 1663 925 1701 vitium
953 1666 1119 1716 κρηπῖσι
1152 1664 1196 1700 in
1228 1663 1309 1702 hac
1340 1673 1483 1702 nostra
1509 1663 1702 1705 editione

227 1717 366 1755 Diall.
390 1719 544 1759 Mortt.
567 1719 671 1769 XX,
694 1724 732 1762 4.
766 1719 912 1773 quod
902 1735 983 1773 jam
1007 1721 1049 1757 in
1070 1720 1205 1773 piiori
1228 1720 1398 1758 illorum
1417 1720 1703 1774 Dialogorum

227 1772 456 1813 editione
445 1789 490 1812 111
513 1789 636 1813 usum
657 1775 896 1815 scholarum
915 1786 1060 1830 parata
1083 1775 1350 1815 emendatum
1369 1776 1521 1818 fuerat.
1547 1778 1704 1819 Lfflm.

344 1863 446 1904 Eacl
468 1862 863 1918 1-11Ἲσοτιμίαν)
896 1868 1022 1904 Hanc
1043 1865 1157 1918 apud
1179 1866 1344 1906 inferos
1377 1869 1592 1921 aequalem
1616 1867 1706 1907 ho·-

227 1919 345 1959 noris
371 1920 526 1971 sedem,
559 1921 620 1959 sic
637 1921 744 1961 alibi
762 1933 889 1962 vocat
906 1924 952 1962 iu
970 1923 1108 1962 Dian.
1122 1924 1277 1962 Mortt.
1301 1931 1343 1962 et
1365 1933 1515 1976 postea
1540 1939 1580 1978 p.
1601 1930 1700 1970 231.

228 1986 271 2016 et
290 1977 459 2031 passim,
491 1977 671 2019 Eoum).

343 2056 445 2110 Pag·
467 2061 564 2100 210
583 2060 672 2100 1.1.
713 2056 834 2112 Mnd'
866 2057 977 2113 υπὸ)
1014 2060 1083 2098 Ita
1115 2068 1228 2099 recte
1267 2060 1353 2099 Ms.
1386 2059 1468 2102 Ox.
1501 2060 1702 2113 Impressi

228 2108 335 2166 μηθ’
359 2111 454 2154 vmi-
486 2114 654 2155 SOLAN.
715 2116 784 2153 An
814 2130 901 2154 non
933 2116 1142 2184 cogitavit
1181 2116 1314 2170 igitur
1346 2115 1538 2166 Solcmm,
1572 2132 1702 2172 aeque

228 2168 328 2223 μήτε
358 2169 444 2207 dici
469 2184 517 2208 ac
541 2171 662 2223 μηδέ;
695 2171 801 2210 Cum
823 2186 923 2211 vero
946 2171 1056 2211 illud
1078 2170 1182 2225 μήθ’
1210 2173 1264 2210 sit
1288 2187 1308 2210 a
1330 2173 1444 2225 μήτε,
1484 2182 1597 2211 recte
1627 2188 1704 2226 per

228 2232 262 2266 θ
287 2225 572 2274 scribebatur,
605 2226 658 2265 ob
691 2238 936 2281 sequentem
967 2228 1236 2281 adspiratam.
1268 2229 1391 2268 Plora.
1421 2230 1471 2267 Il.
1504 2233 1568 2278 H,
1601 2233 1700 2272 401.

232 2279 396 2334 qu'.
396 2283 544 2335 Ελένην
572 2306 629 2314 —
658 2293 700 2324 et
722 2284 848 2331 alibi,
882 2285 995 2339 quod
1017 2285 1210 2338 pluribus
1230 2300 1315 2324 non
1340 2284 1497 2337 probo,
1530 2285 1625 2339 quia
1648 2300 1701 2324 ex

232 2338 615 2378 Grammaticorum
649 2341 886 2379 canonibus
916 2351 1080 2383 notum
1144 2342 1215 2383 Sic
1253 2338 1348 2382 οὐδὲ
1372 2351 1413 2378 et
1439 2340 1702 2394 02’1'r5‚quo-

230 2409 321 2432 rum
347 2395 561 2447 posterius
590 2395 789 2436 similiter
808 2396 956 2437 eodem
982 2413 1081 2436 casu
1105 2398 1151 2436 fit
1174 2394 1287 2439 οὔθ’.
1320 2397 1491 2450 Theogn.
1521 2403 1612 2442 178
1643 2421 1701 2429 -

232 2446 330 2491 οὔθ
355 2451 462 2503 ἔρξαι
483 2448 661 2494 δυναται.
702 2453 758 2491 At
776 2468 864 2492 non
886 2454 1104 2508 ignoravit
1124 2454 1206 2493 hoc
1228 2462 1393 2499 noster,
1430 2467 1572 2492 verum
1597 2453 1699 2507 quia

229 2506 296 2544 bis
316 2508 413 2559 μηδὲ
429 2510 685 2560 praecessit,
713 2510 841 2548 etiam
863 2511 990 2549 tertio
1009 2514 1106 2550 loco
1130 2509 1240 2549 idem
1264 2510 1405 2548 voluit
1427 2510 1697 2560 substituere,

231 2562 347 2615 quod
368 2572 506 2602 tamen
529 2565 668 2604 minus
697 2566 981 2605 necessarium
1008 2566 1158 2617 credo,
1203 2565 1306 2620 quin
1340 2565 1410 2604 hic
1446 2570 1514 2605 vel
1547 2567 1698 2605 melius

229 2616 357 2671 μήθ’,
390 2620 589 2673 quoniam
613 2620 657 2660 id
681 2622 854 2676 proprie
875 2623 1021 2677 signif.
1045 2640 1186 2678 neque,
1220 2636 1314 2660 cum
1337 2621 1436 2675 μηδὲ
1460 2623 1515 2661 sit
1538 2639 1616 2662 non
1637 2638 1699 2661 ve-

229 2690 299 2725 ro,
331 2674 433 2714 licet
452 2677 577 2715 etiam
601 2692 725 2731 saepe
746 2692 824 2717 con
832 2679 1091 2732 f,undantur
1123 2680 1239 2717 nulla
1269 2693 1414 2717 sensus
1444 2678 1700 2718 differentia.

229 2730 301 2771 Sic
327 2740 426 2783 post
453 2729 548 2774 ουδὲ
577 2748 750 2788 quoque
787 2744 901 2774 recte
933 2736 1128 2790 sequitur
1157 2731 1251 2777 οὔτ’
1281 2734 1393 2790 apud
1432 2735 1615 2775 Nostrum
1648 2734 1699 2773 de
