1781 3174
242 164 342 213 634
591 167 1347 204 ADNOTA'rroNEs

241 291 284 330 p.
301 279 369 319 77.
390 272 438 315 A.
462 272 513 312 B.
546 268 596 308 de
616 266 878 308 Gammatico
897 275 1087 320 usurpat.
1147 267 1232 306 Hic
1253 277 1392 308 autem
1415 267 1701 310 Grammaticos

240 331 451 385 intelligi,
484 342 570 367 non
594 328 820 374 atriensem,
853 333 927 363 aut
952 338 1057 377 quos
1078 333 1159 363 'nos
1181 326 1434 378 lVIagnatum
1466 326 1704 366 Secretan‘os

242 389 445 437 dicimus,
478 394 550 423 aut
571 400 596 421 α
615 381 856 430 rationibus,
891 380 1112 432 sequentia
1135 384 1379 433 postulant,
1411 382 1455 420 iu
1483 382 1638 434 quibus
1659 392 1702 422 et

243 443 517 500 Γραμματικοὶ
535 438 714 478 audiunt
731 471 742 488 ,
775 447 816 476 et
836 452 928 475 cum
953 437 1220 476 Rhetoribus
1241 438 1606 492 Philosophisque
1628 439 1703 476 in-

241 513 306 542 ter
345 502 492 540 doctos
526 495 866 548 πεπαιδευμένους
895 507 1059 545 semper
1091 505 1404 535 enumerantur.
1464 495 1562 535 Vid.
1596 496 1700 534 Xen.

242 560 387 609 Symp‚
410 557 608 610 pag‚516.
631 553 708 589 lin.
736 556 798 593 10.
832 551 999 590 SOLAN.
1065 549 1105 590 C.
1130 551 1176 590 G.
1198 550 1370 589 Jacobus
1392 552 1436 589 in
1459 551 1569 592 Bibl.
1593 551 1701 591 Crit.

241 614 410 655 Hildes,
433 627 467 651 a.
492 615 615 655 1821.
639 609 683 646 P.
704 608 738 649 Ι.
763 608 880 646 Fasc.
905 612 939 649 1.
964 621 1003 659 p.
1027 610 1117 650 105.
1150 607 1351 660 praeferri
1374 611 1465 646 vult
1482 625 1700 662 γραμματι-

241 677 324 713 κῶν
350 670 404 708 ob
427 683 547 720 capp.
577 668 643 709 25.
667 674 708 702 et
738 669 805 708 36·
864 666 1219 717 ,,Γραμματισταὶ,
1252 662 1332 713 ait,
1372 665 1518 717 potius
1542 664 1702 703 scribae

241 726 435 768 Her-oslot.
461 725 567 774 VII,
598 727 689 765 100.
713 724 779 760 vel
808 720 1089 774 ludimagistri
1115 720 1296 772 λέηορῆ.
1331 721 1474 773 Symp.
1505 722 1614 769 VII,
1635 725 1701 764 27,

243 782 515 838 Γραμματικοὶ
544 794 644 820 vero
677 776 929 830 philosophi
960 777 1030 815 isti
1061 776 1214 829 abjecti
1248 786 1289 814 et
1310 778 1483 826 miselli,
1519 778 1593 830 qui
1614 787 1704 815 tum

243 842 286 879 in
309 839 503 878 domibus
522 836 704 876 divitum
726 833 1022 872 nutriebantur
1033 835 1338 880 Romanorum,
1356 847 1434 873 nec
1454 843 1591 872 tamen
1612 849 1706 873 eru-

244 897 425 935 ditionis
446 894 651 945 doctique
674 889 913 929 commercii
940 890 1071 944 gratia
1090 923 1100 941 ‚
1132 889 1204 928 sed
1224 887 1415 928 ludibrio
1437 899 1479 928 et
1510 889 1704 928 irrisioni

242 967 406 1006 semper
427 949 607 990 obnoxii
627 947 806 1001 pessime
829 946 878 983 ab
903 946 1099 985 omnibus
1123 947 1211 985 fere
1234 955 1283 982 ut
1303 945 1557 985 Graecorum
1582 960 1707 998 para-

244 1010 319 1048 siti
341 1008 642 1059 tractabantur.
685 1004 751 1044 Cf,
773 1002 971 1055 Boettz'ger
993 1003 1146 1041 Sabina
1169 1004 1216 1043 Τ,
1239 1002 1295 1039 ΙΙ.
1320 1016 1358 1053 p.
1382 1007 1448 1046 38.
1470 1006 1573 1054 sq.“
1623 1002 1707 1041 Cui

242 1064 411 1121 quidem
435 1061 669 1102 sententiae
691 1061 921 1099 etiamnum
950 1060 1168 1098 inhaerere
1192 1073 1234 1098 se
1259 1058 1336 1097 Vir
1361 1058 1511 1097 doctus
1536 1058 1707 1111 signifi-

243 1132 311 1161 cat
334 1123 377 1159 in
405 1120 604 1172 Epistola
628 1130 764 1169 nuper
797 1115 847 1153 ad
873 1130 936 1154 me
959 1117 1091 1154 amice
1126 1115 1245 1163 data,
1278 1113 1353 1152 ubi
1385 1116 1513 1153 simul
1541 1124 1709 1165 monet,

243 1179 295 1218 de
320 1177 566 1216 discrimine
586 1175 696 1212 inter
714 1172 1006 1226 grammaticos
1026 1183 1066 1211 et
1088 1172 1278 1210 rhetoras
1298 1171 1602 1210 conferendum
1621 1185 1709 1211 esse

247 1234 478 1285 Quintilian.
503 1232 571 1279 II,
597 1238 641 1280 1,
669 1235 688 1273 1
723 1252 776 1259 -—
808 1234 844 1272 6.
878 1238 920 1267 et
940 1229 1178 1268 Ilzlansonem
1208 1229 1274 1266 in:
1307 1228 1445 1268 Verm.
1471 1227 1646 1266 Schrift.
1664 1243 1707 1268 u.

241 1290 456 1330 Abhandl.
481 1304 519 1341 p.
542 1294 607 1331 66.
630 1301 691 1339 sq.
733 1286 789 1323 At
809 1287 947 1323 fateor
967 1285 1069 1324 haec
1092 1285 1200 1321 mihi
1223 1298 1307 1322 non
1329 1284 1525 1336 probari,
1557 1293 1709 1336 utpote

242 1348 383 1387 minus
409 1355 603 1383 accurate
623 1343 852 1394 disputata.
913 1342 1012 1379 Non
1035 1341 1259 1394 philosophi
1279 1355 1367 1378 esse
1394 1350 1592 1392 poterant
1621 1340 1708 1390 illi,

244 1404 295 1442 de
319 1403 474 1456 quibus
499 1401 538 1439 h.
560 1404 585 1438 1.
608 1399 768 1453 agitur,
805 1396 1088 1436 Grammaticis·
1121 1397 1447 1449 distinguuntur
1467 1397 1580 1435 enirn
1601 1400 1710 1435 clare

243 1472 283 1500 et
307 1459 492 1513 graviter
513 1457 623 1495 inter
651 1469 692 1493 se
718 1464 804 1491 tum
837 1454 878 1492 h.
901 1457 950 1503 1.‚
984 1464 1071 1491 tum
1095 1453 1167 1501 its,
1202 1467 1309 1505 quae
1342 1468 1393 1493 ex
1423 1452 1568 1491 eodem
1600 1453 1708 1491 libro

242 1511 417 1556 Iacobus
443 1514 603 1558 adfert,
636 1510 766 1550 locis:
817 1509 992 1549 Deinde
1011 1519 1052 1548 et
1071 1509 1274 1548 audiendi
1295 1519 1414 1548 erant
1436 1508 1603 1557 Suiclas,
1637 1508 1710 1563 qui

242 1570 540 1628 γραμματιστὴν
571 1568 677 1606 dicit
721 1564 790 1607 τὸν
832 1565 879 1606 τὰ
911 1569 1047 1615 πρώτα
1090 1572 1259 1618 στοιχεῖα
1297 1563 1540 1606 διδάσκοντα
1580 1566 1709 1619 (ergo

249 1629 561 1669 Grammaticum
593 1621 713 1674 vult)
745 1633 786 1661 et
818 1622 1062 1676 „Hesyclzius‚
1098 1622 1171 1674 qui
1193 1620 1504 1677 γραμμαῖιστής,
1537 1622 1706 1675 inquit,

243 1680 705 1741 γραμματοδιδάσκαλος·
739 1693 838 1732 ergo
867 1678 1170 1717 Grammaticus.
1229 1677 1320 1716 Nec
1351 1677 1601 1731 negligenda
1628 1677 1711 1716 So-

244 1743 329 1782 Ζαιιί
347 1739 600 1788 observatio,
632 1737 704 1791 qui
729 1739 864 1774 eloco
886 1735 1011 1773 Rhet.
1034 1735 1173 1772 Praec.
1195 1750 1229 1773 c.
1255 1739 1318 1776 10.
1336 1734 1511 1787 probat,
1536 1751 1712 1788 γραμμα-

242 1797 381 1849 τισῑὴυ
414 1796 541 1836 etiam
574 1804 720 1832 nostro
757 1791 958 1844 scriptori
993 1805 1067 1842 pro
1105 1791 1389 1829 Grammatico
1419 1793 1570 1829 valere.
1632 1789 1712 1829 Sed

245 1855 393 1894 addam
417 1863 556 1891 tamen
577 1849 736 1898 statim,
752 1847 918 1901 aliquid
942 1857 1054 1885 certe
1074 1846 1332 1885 discriminis
1355 1861 1445 1886 esse
1464 1846 1576 1885 inter
1592 1865 1713 1901 γραμ-

244 1911 459 1966 ματιστὴν,
491 1918 533 1947 et
557 1903 845 1961 γραμματικόν.
906 1905 1003 1942 Hoc
1026 1903 1136 1942 enim
1160 1903 1414 1942 vocabulum
1445 1904 1620 1941 omnino
1644 1903 1712 1941 de-

243 1978 366 2007 notat
387 1967 589 2012 literatos,
624 1977 730 2015 quos
755 1972 843 2000 tum
868 1960 1079 1999 vocabant
1102 1958 1322 2008 homines,
1356 1962 1424 1999 vel
1447 1973 1468 1997 a
1489 1959 1640 2012 peritia
1670 1969 1713 1998 et

244 2024 518 2071 eruditione,
553 2023 620 2058 vel
652 2033 671 2056 a
704 2018 818 2057 vitae
852 2027 962 2056 certe
998 2017 1163 2069 generis
1196 2016 1478 2068 professione.
1538 2017 1604 2055 Ita
1623 2017 1714 2055 Hi-

242 2084 387 2121 stiaeus
414 2093 490 2132 per
523 2075 785 2116 Convivium
823 2088 853 2113 s.
884 2073 1094 2124 Lapithas
1122 2072 1243 2110 audit
1273 2069 1293 2114 ὅ
1321 2073 1611 2126 γραμματικὸς,
1652 2073 1713 2111 ita

246 2138 576 2190 distinguuntur
601 2132 646 2169 in
668 2131 750 2169 hoc
773 2131 920 2170 libello
945 2129 1217 2168 Grammatici
1243 2144 1265 2167 a
1284 2128 1523 2168 rhetoribus
1547 2139 1588 2169 et
1611 2129 1714 2181 phi-

245 2193 465 2245 losophis,
500 2200 542 2229 et
572 2187 758 2227 musicis,
819 2185 904 2227 Sed
926 2184 1219 2240 γραμματιστὴς
1242 2195 1384 2224 notam
1408 2185 1537 2225 habet
1565 2185 1713 2223 humi-

245 2251 368 2290 lioris
395 2245 659 2287 conditionis
686 2253 727 2282 et
751 2243 901 2295 pretii,
934 2241 1235 2296 significatque
1267 2241 1631 2294 ludimagistrum,
1665 2242 1711 2279 in

245 2306 393 2360 pueris
416 2299 699 2342 elementariis
732 2298 975 2339 erudiendis
1001 2313 1169 2351 operam
1204 2301 1498 2337 collocantem.
1558 2297 1609 2336 Id
1632 2311 1714 2350 pa-

251 2372 314 2400 tet
338 2377 359 2400 e
393 2360 540 2400 Suiclae
574 2367 614 2397 et
646 2356 838 2411 Hesychii
861 2355 1021 2403 verbis,
1068 2365 1186 2405 patet
1205 2370 1227 2394 e
1249 2353 1520 2406 Xenophontis
1537 2357 1655 2404 loco,
1689 2369 1712 2392 a

246 2418 399 2457 Jacobo
422 2415 595 2455 laudato
611 2444 622 2460 ‚
656 2427 733 2451 nec
755 2427 838 2451 non
863 2426 884 2451 e
904 2411 1080 2450 Luciani
1100 2411 1231 2463 ipsius
1247 2443 1257 2460 ‚
1293 2411 1443 2462 quibus
1458 2410 1714 2450 Aeschinem

249 2484 456 2513 oratorem
477 2474 774 2525 γραμματιστοῦ
795 2468 927 2505 filium
961 2468 1179 2521 designat,
1211 2467 1360 2507 verbis.
1395 2465 1551 2516 (Rhea
1570 2467 1712 2506 Praec.

247 2545 285 2571 c.
312 2534 409 2579 10.)
446 2530 538 2570 Jam
571 2540 645 2565 cur
666 2525 709 2565 h.
728 2528 756 2564 1.
786 2524 969 2563 Luciano
1005 2523 1214 2577 placuerit
1244 2522 1390 2576 potius
1419 2518 1713 2577 γραμματιστὰς

249 2598 601 2632 commemorare,
639 2596 761 2635 quam
794 2578 1109 2635 γραμματικοῦς,
1142 2593 1247 2633 quos
1279 2578 1382 2616 alibi
1416 2578 1548 2631 dicit,
1577 2579 1708 2628 ratio,

250 2642 433 2694 opinor,
464 2641 508 2679 in
529 2648 699 2693 promtu
719 2647 794 2677 est.
857 2637 964 2677 Cum
989 2645 1205 2676 contemtu
1226 2634 1408 2688 quodam
1431 2639 1608 2691 loquens
1626 2636 1714 2689 phi-

250 2698 448 2753 losoplzis‚
492 2695 650 2752 quibus
685 2692 988 2735 adnumerabat
1022 2706 1066 2733 se
1094 2692 1330 2746 Timoeles,
1371 2698 1455 2742 τοῖς
1482 2695 1715 2741 σπουδαίοις
