1781 3174
209 109 413 166 472'
563 134 1320 173 AnnorAr10N35

326 227 424 282 Pag.
446 233 515 273 70.
537 231 564 268 Ι.
586 235 623 275 3.
657 232 845 286 Σίγειον)
875 232 965 272 Duo
990 245 1076 273 sunt
1108 235 1251 288 Trojae
1274 238 1564 289 promontoria,
1597 236 1673 276 in·-

216 283 311 336 quit
329 284 508 334 Servius,
538 285 753 326 Rhoeteum
773 298 808 327 et
830 288 999 342 Sigeum.
1044 291 1113 330 De
1137 290 1255 329 hisce
1274 291 1372 331 vide
1391 292 1526 334 Str-ab.
1549 294 1674 334 XIII.

218 339 388 381 VonsT.
450 341 689 381 Rhoeteum
721 352 763 383 et
796 344 967 397 Sigeum
991 359 1122 398 parvo
1160 346 1382 386 intervallo
1404 347 1552 387 dissita
1572 364 1677 402 pro-

219 396 433 435 montoria
449 396 729 438 ‘notissimum
750 409 813 439 est
832 401 1004 440 tumulis
1026 402 1272 441 inclaruisse
1295 403 1378 442 hoc
1396 404 1594 451 Achillis,
1629 406 1677 445 il-

218 451 293 491 lud
315 453 478 506 Ajacis:
512 454 653 492 neutri
677 458 816 494 cultus
839 455 1109 509 honoresque
1137 458 1339 498 heroibus
1362 459 1511 497 tributi
1534 460 1679 501 defue-

220 518 333 551 runt,
396 509 501 548 Serv.
525 507 576 547 ad
606 510 752 563 Virgil.
780 513 886 552 Aen.
909 513 984 553 VI.
1012 513 1208 553 Rhoeteo
1233 515 1276 551 in
1308 515 1460 567 litore]
1501 517 1577 556 Ubi
1597 528 1681 556 erat

220 564 373 619 asylum
403 565 572 618 Ajacis‚
616 568 718 606 sicut
754 569 796 606 in
829 568 944 622 Sigeo
974 570 1162 610 Achillis.
1231 570 1341 611 Vide
1373 572 1597 611 Broslaeum
1628 573 1681 612 acl

220 620 354 660 Anth.
378 620 411 659 I.
433 635 465 662 c.
489 624 529 665 5.
549 622 629 674 Ep.
650 628 717 666 23.
738 633 780 662 et
799 624 882 665 ΙΙΙ.
908 640 944 666 c.
968 631 1031 670 14.
1057 628 1138 681 Ep.
1159 631 1199 671 7.
1258 627 1329 666 De
1350 627 1521 668 Achille
1546 629 1681 682 Quint.

225 674 391 716 Calaber
419 685 584 716 tantum
604 678 697 730 III,
729 684 826 724 748.

777 795 796 805 ιν

933 761 995 769 -—-
1022 734 1126 792 ἀμφὶ
1147 739 1187 781 δὲ
1213 737 1367 795 τύμβον

435 786 627 843 Ἀργεῖοι,
657 792 725 833 καὶ
746 807 852 845 σημα
870 792 1069 848 πελώριον
1100 793 1379 849 ἆμφεβάλοντο

436 842 558 902 Ἀκτῇ
576 842 637 887 ἐπ’
662 843 862 902 ἀκροτάτῃ
877 848 987 904 παρὰ
1001 853 1187 905 βένθεσιν
1202 850 1514 906 Ἑλληςπόντου*

224 898 435 954 signatius
455 900 506 941 de
526 904 658 955 Ajace
683 905 734 956 V,
759 909 855 951 654.

938 986 998 995 --
1024 965 1116 1019 περὶ
1138 965 1179 1006 δὲ
1209 966 1324 1017 σφίσι
1346 970 1468 1019 γαῖαν

447 1019 585 1057 Χεῦαν
610 1014 840 1072 ἇπειρεσίην
863 1016 1086 1072 Ῥοιτηΐδος
1106 1020 1177 1076 οὐχ
1195 1021 1287 1070 ἑκὰς
1305 1019 1450 1073 ἀκτῆς”

221 1080 395 1120 prorsus
415 1079 463 1108 ut
473 1072 712 1125 Antipater,
728 1080 848 1128 Σῆμα
867 1072 967 1126 παρ’
989 1074 1203 1120 Αἰάντειον
1223 1076 1516 1130 ἒπὶ“Ῥοιτηΐσιν
1535 1070 1687 1126 οἶκταῖς.

221 1124 449 1180 Dausqueio
477 1127 529 1166 ad
558 1132 835 1180 posteriorem
877 1133 1037 1173 Calabri
1060 1148 1225 1172 versum
1256 1133 1399 1172 fraudi
1431 1133 1516 1172 fuit
1542 1148 1688 1186 prava,

223 1194 330 1273 guae
359 1181 454 1221 edd.
476 1183 682 1235 inhaesit,
715 1187 838 1227 Plinii
863 1189 1156 1242 interpunctio
1179 1191 1228 1229 V.
1262 1205 1295 1228 e.
1319 1195 1386 1233 30.
1408 1189 1480 1229 sed
1508 1190 1688 1242 jampri—

255 1250 318 1273 em
351 1251 372 1274 a
401 1252 555 1292 magno
584 1241 773 1282 Pintiano
814 1245 1032 1292 verissime
1060 1255 1258 1287 correcta.
1326 1247 1488 1295 IVIiror,
1531 1260 1604 1283 cur
1632 1245 1685 1288 Is.

227 1289 393 1332 Vossius
412 1294 464 1332 ad
486 1296 653 1337 Melam.
677 1299 712 1341 I.
746 1314 780 1341 e.
804 1305 867 1344 18.
886 1302 1038 1340 erroris
1067 1302 1240 1341 Plinium
1262 1301 1455 1341 incusare
1478 1302 1686 1352 maluerit,

223 1362 347 1401 quam
373 1351 559 1392 remedio
581 1363 663 1391 tam
685 1356 775 1394 leni
795 1357 859 1394 uti
870 1370 887 1405 ·3
916 1357 1001 1396 nisi
1022 1358 1137 1410 quod
1169 1358 1280 1396 idern
1302 1357 1500 1396 Salmasio
1519 1360 1688 1409 placue-

222 1412 288 1441 rat
309 1404 421 1445 Prin.
444 1407 595 1450 Exere.
620 1424 659 1461 p.
677 1416 770 1454 610.
831 1412 979 1452 videri
1003 1422 1145 1466 posset
1165 1413 1313 1452 Seneca
1332 1412 1486 1452 Troad.
1508 1418 1685 1456 v.1122.

223 1457 268 1495 in
293 1461 542 1514 scriptorem
576 1465 801 1515 incidisse,
832 1469 906 1523 qui
927 1472 1135 1507 tumulum
1169 1469 1353 1508 Achillis
1384 1471 1611 1508 collocaret
1639 1470 1686 1507 in

181 1506 448 1558 XRhoeteo:
489 1534 634 1560 verum
663 1530 793 1575 poeta
822 1534 1002 1564 tractum
1028 1526 1146 1563 illum
1171 1526 1296 1578 ponti
1323 1525 1414 1562 sive
1445 1524 1687 1564 Rhoeteum

225 1575 425 1623 appellet,
458 1575 549 1614 sive
568 1578 760 1631 Sigeum,
793 1581 1005 1619 utrumvis
1027 1581 1071 1619 in
1089 1591 1206 1619 tanta
1224 1584 1415 1631 locorum
1433 1580 1688 1634 propinqui-

224 1635 311 1666 tate
342 1643 421 1667 suo
454 1634 545 1683 jure
577 1634 742 1676 fecerit.
814 1638 1032 1676 Praeterea
1061 1652 1139 1677 nec
1173 1637 1356 1676 Vossium
1391 1635 1549 1689 probo,
1592 1652 1687 1675 cum

225 1681 420 1723 Salmasii
435 1687 687 1728 medicinam
709 1692 753 1729 in
775 1692 964 1746 ejusdem
987 1693 1177 1747 regionis
1198 1692 1486 1744 descriptione
1498 1692 1688 1731 Straboni

225 1738 462 1780 adhibitam
486 1758 527 1795 p.
550 1751 646 1788 611.
671 1748 723 1786 G.
758 1748 978 1800 repudiat:
1021 1749 1176 1802 exigua
1210 1748 1490 1801 transpositio
1522 1758 1688 1802 tamque

223 1795 381 1845 facilis,
412 1808 460 1835 ut
487 1801 730 1856 Dausqueius
750 1808 877 1843 etiam
899 1805 960 1842 sic
982 1807 1105 1856 plane
1124 1805 1363 1856 scripserit,
1396 1818 1450 1843 ne
1471 1803 1571 1843 vitii
1596 1805 1692 1856 qui-

225 1850 319 1890 dem
343 1856 429 1892 ulla
453 1857 568 1897 facta
597 1860 831 1901 mentione.
892 1861 1075 1899 Achillis
1101 1870 1240 1899 autem
1264 1869 1582 1899 monumentum
1604 1861 1691 1899 Pa-

225 1909 350 1946 trocli
371 1911 498 1950 simul
520 1927 611 1952 ossa
633 1916 1019 1968 complectebaturz
1054 1915 1241 1956 Plzilostr.
1265 1916 1365 1954 Her.
1383 1930 1422 1968 p.
1442 1920 1538 1960 739.
1583 1917 1692 1969 Aja-

226 1964 288 2000 cis
319 1966 450 2021 longo
482 1980 581 2020 post
603 1979 794 2024 tempore
827 1972 1035 2011 violentia
1062 1973 1186 2011 maris
1216 1972 1434 2011 effractum
1468 1973 1690 2012 immanem

226 2020 384 2059 ossium
407 2025 745 2078 magnitudinem
767 2028 991 2080 patefecit,
1023 2043 1077 2067 ex
1100 2042 1181 2082 qua
1204 2031 1314 2067 celsa
1335 2027 1475 2067 herois
1497 2028 1585 2066 vivi
1606 2038 1690 2067 sta·

225 2084 319 2114 tura
345 2080 559 2119 aestimari
587 2092 778 2135 poteratz
809 2084 982 2124 Pausan.
1006 2086 1038 2124 l.
1070 2100 1112 2138 p.
1139 2089 1207 2128 86.
1241 2084 1422 2122 HEMST·
1481 2084 1597 2123 Nota
1626 2093 1690 2123 est

225 2131 458 2174 Alexandri
475 2137 539 2178 M.
562 2153 668 2188 vox,
701 2153 827 2192 quum
847 2140 883 2177 is
907 2141 950 2178 in
971 2140 1096 2194 Sigeo
1118 2140 1170 2178 ad
1188 2142 1394 2178 tumulum
1416 2139 1594 2178 Achillis
1617 2139 1689 2177 ad-

225 2187 429 2231 stitisset:
482 2192 519 2232 Ο
541 2194 757 2249 fortunare
791 2195 1041 2246 adolescens,
1081 2198 1149 2251 qui
1174 2206 1263 2235 tuae
1288 2197 1441 2234 virtutis
1470 2195 1688 2235 Homerum

222 2256 452 2296 praeconem
482 2250 696 2292 inveneris!
739 2251 820 2291 Cic.
850 2267 927 2305 pro
951 2251 1079 2291 Arch.
1102 2267 1136 2291 c,
1159 2257 1222 2294 10·
1246 2251 1383 2304 Epist.
1406 2250 1457 2288 ad
1478 2252 1611 2292 Dit'V.
1632 2252 1686 2303 V,

229 2306 303 2350 12,
322 2307 390 2345 24·
443 2306 499 2343 ef.
517 2307 687 2346 Αιϊίαη.
710 2308 753 2358 I,
779 2312 829 2359 4,
849 2313 914 2351 10.
958 2307 1160 2349 Plutarch.
1185 2309 1307 2348 Alex.
1331 2311 1396 2349 24.
1428 2305 1533 2346 Curt.
1556 2307 1622 2358 II,
1645 2311 1684 2350 9.

227 2365 307 2395 etc.
366 2358 418 2398 In
442 2360 639 2401 Rhoeteo
673 2364 799 2402 etiam
821 2363 1058 2416 Deiphobo
1090 2378 1167 2416 per
1184 2364 1429 2402 Menelaum
1454 2363 1597 2402 occiso
1620 2372 1688 2401 tu·

227 2414 366 2452 mulus
397 2415 447 2453 ab
477 2417 620 2457 Aenea
653 2420 913 2459 constitutus
939 2428 1132 2458 narratur
1169 2417 1315 2471 Virgil.
1346 2418 1452 2462 Aen,
1476 2418 1558 2469 VI,
1589 2421 1685 2463 505.

228 2481 480 2522 quamquam
504 2472 562 2521 id,
597 2475 633 2512 si
657 2477 850 2514 conferas
870 2476 970 2514 libri
993 2476 1052 2514 ΙΙ.
1083 2475 1205 2514 finem
1227 2484 1269 2512 et
1288 2474 1370 2514 III.
1389 2474 1578 2527 initium,
1608 2475 1686 2516 vix

226 2526 468 2566 verosimile
492 2539 556 2567 est
574 2529 667 2569 fieri
691 2530 740 2569 ab
761 2533 902 2572 Aenea
921 2532 1126 2584 potuisse.
1166 2531 1325 2569 Lama.

339 2582 438 2625 Εαᾶ.
463 2586 491 2624 l.
518 2591 581 2627 10.
621 2586 847 2640 Διαψῦξαι)
888 2587 1037 2626 Nicias
1068 2584 1181 2639 apud
1211 2585 1386 2638 Thucyd.
1417 2586 1516 2626 VII.
1549 2601 1583 2627 c.
1613 2592 1681 2631 12.

226 2635 295 2687 τὰς
314 2639 383 2693 μὲν
405 2638 479 2695 γᾶρ
503 2647 601 2691 ναῦς
623 2639 700 2685 οὐκ
719 2644 822 2686 ἔστιν
841 2640 1132 2692 ἅνελκύσαντας
1149 2638 1350 2694 διαψύξαι·
1383 2641 1445 2680 ibi
1466 2643 1685 2682 commode
