1781 3174
516 148 594 178 ιΝ
667 146 1155 178 υειᾼιιυᾶιιῑιι.
1473 139 1570 184 439

104 245 338 302 quamlibet
356 244 401 283 in
422 243 604 283 historia
627 243 729 296 Cyri
751 243 978 297 scriptores
1000 243 1165 298 antiqui
1187 243 1452 299 discrepent,
1484 245 1567 286 huc

102 315 241 343 tamen
275 315 420 342 omnes
451 300 576 339 simul
608 300 878 353 conspirant,
918 301 1035 353 prius
1064 302 1228 354 aliquot
1257 304 1405 352 annis,
1445 317 1568 358 quam

101 359 299 412 Babylon
335 357 466 397 fuerit
498 356 539 394 in
575 366 828 409 potestatem
858 357 1051 403 redacta,
1095 357 1308 396 Croesum·
1329 358 1570 412 Lydosque

100 414 395 458 succubuisse„
449 413 494 451 Si
515 413 734 466 Xenophon
761 414 805 450 in
838 411 918 450 hac
946 426 1068 451 causa
1107 413 1226 453 testis
1257 413 1439 454 idoneus
1457 419 1570 467 pla-

104 483 194 521 cet,
226 471 331 519 hoc,
365 483 458 507 cum
481 468 618 520 Cyrus
640 483 796 506 annum
817 469 967 507 aetatis
1000 478 1143 522 ageret
1174 469 1461 522 trigesimum,
1494 486 1571 510 ac-

103 522 285 574 cide1·it;'
323 524 431 563 illud
467 525 602 563 tribus
633 524 858 562 admodum
895 525 1018 562 annis
1050 534 1160 575 post.
1220 526 1286 564 Ab
1322 541 1368 566 ea
1400 528 1568 566 ratione

101 598 189 622 non
209 596 356 636 parum
380 580 561 620 discedit
582 583 768 618 calculus
798 581 1001 628 aliorum,
1035 581 1110 633 qui
1140 581 1290 621 Sardes
1322 592 1465 636 captas
1486 597 1568 635 po·-

101 649 210 678 nunt
229 639 273 676 in
297 652 410 677 anno
432 638 579 676 aetatis
604 637 707 689 Cyri
739 636 951 687 secundo,
992 640 1059 676 vel
1094 638 1245 690 quinto
1280 648 1323 677 et
1355 640 1568 694 quinqua-

100 696 287 750 gesimo,
319 694 581 746 Babylonem
606 693 648 731 in
679 694 816 745 primo
837 703 879 732 et
913 694 1187 747 sexagesimo.
1250 694 1482 750 Utcunque
1519 711 1567 735 ea

97 753 150 791 lis
173 751 305 790 fuerit
325 750 518 797 decreta,
551 748 664 803 quod
688 763 802 787 nunc
830 749 999 804 quidem
1027 749 1077 787 ad
1104 764 1181 787 nos
1212 751 1325 789 nihil
1354 753 1564 804 pertinet,

100 807 208 846 illud
234 815 345 846 certe
365 820 442 859 pro
465 817 681 859 comperto
704 805 946 844 habendum
968 816 1042 855 est,
1076 806 1315 857 Lucianum‚
1348 807 1446 846 dum
1459 808 1565 848 haec

99 862 332 910 scribebat,
365 862 417 900 ad
439 862 644 901 historiae
668 876 805 901 veram
825 863 973 900 seriem
1002 863 1143 902 animo
1175 864 1307 902 fuisse
1335 864 1475 903 minus
1497 874 1565 903 at..

98 930 241 959 tento:
273 919 483 971 potuisset
506 919 694 971 alioqui,
726 918 762 956 si
784 933 874 957 eam
902 918 947 956 in
972 934 1110 957 curam
1146 922 1275 971 paulo
1308 919 1564 975 diligentius

99 977 388 1023 incubuisset,
422 985 464 1015 et
485 976 663 1030 ingenio
689 976 818 1014 simul
840 975 1020 1026 servire,
1053 985 1095 1015 et
1124 990 1261 1015 rerum
1278 988 1490 1030 gestarum
1519 977 1566 1016 fi·

100 1031 184 1072 dei.
215 1033 399 1071 Hssmsr.

211 1143 314 1183 Ead.
338 1145 365 1182 1.
389 1147 429 1187 8.
483 1141 562 1195 Τὴν
592 1142 637 1185 τὸ
667 1148 860 1195 τριπλοῦν
890 1145 1045 1197 τεῖχος)
1074 1144 1304 1199 Loquendi
1337 1146 1564 1184 formulam

102 1200 334 1241 illustravit
354 1200 506 1238 Jcnsins
531 1201 670 1239 Lectt.
694 1202 873 1242 Lucian.
896 1215 936 1254 p.
956 1205 1046 1245 157,
1067 1205 1124 1243 Αἵ
1141 1203 1180 1243 δὲ
1193 1200 1388 1254 Σάρδεις,
1423 1202 1567 1256 inquit

103 1256 236 1298 Str-ab.
260 1257 384 1294 XIII.
411 1257 620 1308 p.928.B.
642 1255 758 1304 πόλις
775 1259 852 1298 ἐστὶ
873 1256 1034 1311 μεγάλη,
1052 1259 1228 1311 νεωτέρα
1246 1258 1316 1310 μὲν
1335 1263 1414 1299 τῶν
1444 1263 1567 1311 Τρωϊ-

100 1319 182 1355 κῶν
213 1311 353 1367 (quod
386 1321 433 1350 ut
462 1311 512 1350 de
543 1313 716 1352 nomine
745 1313 935 1353 Straboni
962 1315 1072 1353 forte
1108 1313 1358 1358 concedam,
1389 1314 1440 1352 (le
1472 1315 1566 1367 ipsa

101 1380 242 1409 tamen
263 1368 386 1413 urbe,
420 1371 488 1407 vel
510 1383 602 1408 arce
624 1372 769 1407 saltem
784 1398 795 1415 ,
817 1370 992 1408 minime
1017 1369 1194 1421 dedero)
1217 1368 1361 1424 ἀρχαία
1383 1368 1422 1412 δ’
1446 1368 1568 1423 ὅμως,

101 1425 231 1480 ἄκραν
253 1421 396 1476 εὐερκῆ
415 1425 571 1476 ἔχουσα.
632 1425 722 1464 Arx
742 1441 842 1465 sane
873 1426 1151 1465 munitissimi
1176 1428 1315 1477 operis
1331 1458 1341 1476 ‚
1375 1437 1415 1466 et
1437 1441 1567 1479 pror-

103 1496 172 1521 sus
196 1482 544 1534 inexpugnabilis
577 1482 721 1520 futura
738 1515 747 1532 ‚
781 1483 863 1521 nisi
885 1484 1024 1521 Nleles
1055 1483 1146 1521 sive
1168 1484 1312 1534 llrlyles
1337 1493 1570 1536 portento-

102 1553 191 1577 sum
211 1541 400 1583 leonem,
432 1552 484 1576 ex
510 1538 662 1590 pellice
688 1539 771 1577 sibi
802 1549 972 1588 natum,
1008 1553 1054 1579 ea
1084 1542 1172 1578 sola
1195 1549 1333 1590 parte,
1369 1553 1476 1592 quae
1495 1554 1567 1591 pe-

100 1595 219 1633 nitus
242 1595 453 1633 inaccessa
477 1593 722 1644 videbatur,
757 1596 1028 1634 circumferre
1053 1595 1334 1649 neglexisset:
1370 1596 1566 1634 I-Ierodoz.

100 1652 145 1701 I,
171 1655 239 1695 84.
262 1664 318 1688 ex
347 1665 430 1704 quo
456 1651 598 1690 Dionis
629 1650 892 1706 Clmysostomi
919 1666 1004 1688 non
1036 1652 1301 1689 intellectum
1338 1651 1568 1692 Cas-atthone

102 1711 243 1747 locum
268 1707 434 1761 egregie
468 1706 699 1746 declaravit
733 1709 858 1747 Hcmu
897 1707 1079 1746 Valesius
1103 1707 1153 1745 ad
1187 1708 1294 1745 Exc.
1321 1706 1454 1747 Nicol.
1475 1709 1573 1746 Da-

101 1780 225 1804 mas-c.
257 1778 298 1815 p.
335 1768 400 1806 68.
468 1762 683 1802 Adversus
714 1763 987 1813 Cimmerios,
1026 1762 1182 1801 deinde
1214 1772 1254 1801 et
1286 1763 1572 1803 Athenienses

105 1820 180 1858 diu
203 1829 299 1870 post
320 1829 411 1857 tuta
436 1819 580 1858 stetit:
612 1819 808 1859 Herodot.
832 1820 867 1867 J,
885 1825 949 1863 15.
976 1820 1026 1867 V,
1053 1824 1144 1861 100.
1178 1819 1310 1871 Cujus
1339 1829 1429 1858 arte
1450 1829 1573 1872 capta

104 1875 239 1914 fuerit
267 1888 287 1912 a
309 1874 445 1924 Cyro,
479 1873 658 1912 tradidit
689 1875 944 1915 Herodotus.-
975 1875 1024 1914 ab
1045 1875 1251 1915 Herodoto
1279 1885 1418 1915 tamen
1452 1891 1575 1915 non-

105 1931 218 1970 nibil
240 1930 330 1969 abit
352 1931 531 1984 Xenoph.
559 1935 608 1972 K.
634 1935 687 1970 Π.
715 1932 815 1971 VII.
837 1946 878 1984 p.
905 1937 996 1976 107.
1021 1931 1094 1969 ubi
1117 1938 1242 1985 τεῖχος
1263 1930 1306 1973 τὸ
1332 1935 1372 1974 ἐν
1395 1930 1574 1983 Σάρδεσι

107 1998 479 2035 commemoratur,
514 1996 556 2026 et
584 1985 631 2028 τὰ
652 1984 939 2040 ἀποτομώτατα
967 1991 1164 2029 δοκοῦντα
1185 1987 1286 2029 εἶναι
1303 1994 1381 2030 τῶν
1400 1992 1575 2042 Σαρδια-

106 2049 190 2086 νῶν
221 2041 413 2096 ἐρύματα,
449 2058 572 2095 quam
602 2045 827 2082 lectionem
860 2054 1033 2097 propter
1053 2045 1264 2098 triplicem
1285 2046 1459 2085 Luciam*
1478 2060 1577 2082 mu-

108 2115 199 2140 rum
223 2100 379 2139 servari
402 2100 540 2138 velim.
603 2100 639 2137 A
660 2100 860 2155 Polyaeno
880 2100 1036 2152 duplex
1068 2101 1175 2139 arcis
1199 2116 1272 2153 per
1294 2101 1483 2141 fraudem
1506 2116 1575 2140 oe·

111 2166 290 2208 cupatae
319 2156 557 2209 exponitur
592 2158 778 2195 narratio
811 2172 863 2195 ex
893 2156 1071 2194 div-ersis
1101 2156 1380 2219 scriptoribus
1416 2157 1576 2210 petita:

111 2213 230 2266 prior
253 2213 349 2253 VII.
379 2227 413 2251 c.
440 2217 475 2255 6.
499 2211 536 2265 §.
561 2219 601 2256 3.
623 2228 742 2258 quem
774 2212 926 2251 habeat
947 2224 1183 2262 auctorem,
1218 2213 1393 2266 ignor03
1429 2224 1577 2266 poste-

113 2269 201 2308 rior
223 2272 262 2318 §—
281 2273 342 2312 15.
366 2269 541 2321 perinde
563 2284 584 2307 a
609 2269 798 2308 Frontino
823 2267 1129 2320 descriptallL
1146 2275 1185 2313 8.
1202 2269 1237 2322 ἕ.
1253 2275 1291 2314 3.
1318 2284 1337 2308 a
1354 2269 1480 2310 Ctesia
1501 2268 1577 2308 ssu..

114 2325 201 2373 xit,
234 2335 281 2363 ut
312 2323 543 2364 ostendunt
572 2327 660 2377 ejus
689 2326 898 2372 Excerpta
926 2339 965 2377 p.
998 2329 1092 2369 635.
1123 2341 1161 2363 ν.
1190 2332 1254 2369 30.
1317 2326 1397 2364 Sed
1428 2326 1576 2366 Croesi

117 2380 229 2420 filiae
257 2381 438 2420 Nanidis
479 2395 628 2433 opera,
673 2382 810 2433 pactis
846 2381 948 2432 Cyri
977 2381 1141 2432 nuptiis
1174 2382 1401 2433 legitimis,
1443 2398 1577 2422 arcem

117 2450 206 2475 esse
227 2437 440 2489 proditam
466 2437 712 2475 cecinerunt
732 2437 960 2491 Licymnius
982 2450 1020 2477 et
1040 2437 1346 2489 Herma-sinnam,
1364 2449 1470 2478 teste
1483 2439 1579 2479 Par-

120 2493 248 2532 ilzenio
282 2495 398 2532 Erot.
434 2508 524 2545 cap.
550 2493 694 2532 XXU.
735 2494 889 2546 quibus
919 2495 1139 2532 Musarum
1172 2495 1339 2533 famulis
1372 2506 1580 2549 quatenus

121 2547 312 2587 habenda
342 2549 398 2587 sit
418 2549 542 2600 fides,
571 2549 722 2589 lectori
749 2553 811 2602 jus
842 2549 1074 2588 arbitrandi
1099 2551 1235 2590 facio:
1270 2551 1326 2589 ita
1352 2566 1451 2591 vero
1473 2553 1580 2592 Paw-

122 2604 222 2643 then.
243 2606 333 2656 περὶ
351 2608 568 2658 προδοσίας
590 2607 842 2658 συνθεμὲννην
864 2611 919 2662 τῷ
942 2602 1086 2660 Κύρῳ,
1119 2609 1153 2648 εἰ
1173 2605 1271 2648 κατὰ
1301 2605 1450 2659 νόμους
1474 2612 1583 2658 Περ-

124 2665 208 2716 σῷν
231 2662 303 2712 ἕξει
337 2668 505 2717 γυναῖκα
525 2657 674 2716 αὐτὴν,
704 2662 805 2705 κατὰ
837 2660 909 2716 τὴν
933 2662 1086 2718 ἄκραν,
1118 2662 1291 2718 μηδενὸς
1311 2663 1588 2719 φυλάσσοντος
