1781 3174
492 233 563 264 IN
633 231 1137 265 1‘1scA'ronEM.
1447 220 1546 285 539

84 332 389 374 mensariorum
419 344 540 368 usum
575 328 651 369 diu
679 330 946 385 ignoratum,
980 331 1030 371 ad
1056 333 1203 374 Athen.
1223 336 1320 377 278.
1348 335 1416 378 52.
1477 336 1549 375 De

83 404 191 429 voce
213 398 352 428 autem
373 388 602 442 ἐγχειρίδιον
622 387 737 442 quod
763 387 868 435 dixi,
881 398 1028 427 notum
1049 401 1112 429 est
1132 390 1258 444 epr
1261 393 1368 429 icteti
1384 389 1547 431 libello.

82 445 206 484 Adde
228 454 381 493 tamen,
414 444 449 481 si
472 443 613 493 lubet,
645 447 786 482 locum
803 444 1062 484 Philostr‘ati
1051 446 1288 500 insignem,
1321 446 1398 484 sub
1421 446 1549 487 finem

81 500 281 542 Herodis.
314 501 479 539 SoLAN.
539 475 715 552 Triplex
734 510 810 548 est,
844 511 917 538 aut
936 515 1024 541 esse
1045 506 1189 542 saltem
1214 513 1382 555 potest,
1416 503 1547 543 inter-

79 568 247 612 pretum
269 557 396 609 hujus
426 555 511 595 loci
533 571 689 609 genus,
724 571 902 609 quorum
934 560 1168 597 sententias
1193 573 1344 611 operae
1361 561 1546 611 pretium

82 614 216 653 fuerit
237 613 476 651 accuratius
498 616 565 651 vel
586 627 816 661 recensere,
841 618 907 652 vel
929 616 1181 656 examinare.
1221 616 1398 655 Scilicet
1417 631 1546 656 voces

78 672 147 712 καὶ
173 671 426 723 μαχαιρίδων
454 667 646 719 θυτικὸν,
690 683 793 723 quas
826 684 971 709 omnes
1013 685 1060 709 ac
1090 672 1285 725 singulae
1317 672 1547 713 Editiones

77 727 308 779 praebent,
340 734 413 763 aut
440 725 687 774 mutandas,
720 736 793 764 aut
816 726 1002 780 integras
1034 727 1288 778 servandas,
1322 739 1396 768 aut
1418 729 1547 769 etiam

77 797 252 836 prorsus
274 781 504 834 ejiciendas
526 797 638 832 esse,
672 792 858 824 censent
916 784 974 821 Et
997 797 1143 822 eorum
1163 785 1358 839 quidem,
1392 786 1548 838 quibus

77 853 167 878 vox
194 837 363 880 θυτικὸν
393 838 624 878 offensioni
656 839 762 889 fuit,
793 840 890 889 alii,
923 842 991 878 vel
1013 840 1159 892 potius
1190 856 1302 879 uuus
1324 842 1546 891 Brodaeus,

78 896 231 934 maluit
262 895 465 945 πυθικὸν,
508 896 624 934 omni
630 911 722 944 um,
763 906 812 934 ut
844 897 971 934 facile
997 907 1117 949 patet
1143 900 1212 936 vel
1242 912 1296 937 ex
1328 899 1402 949 iis,
1438 913 1547 951 quae

78 952 297 993 Imm-cilius
329 951 379 991 de
410 952 488 990 hac
520 954 764 1004 conjectura
798 954 1004 1006 protulit,
1039 954 1352 993 infelicissime.
1415 954 1547 1009 Quod

79 1018 218 1048 autem
243 1008 436 1056 solanus,
469 1023 544 1062 per
574 1010 710 1046 vaiias
733 1010 967 1047 sententias
997 1009 1262 1063 aliquamdiu
1293 1010 1545 1059 fluctuatus,

77 1064 249 1104 tandem
267 1064 319 1102 ad
342 1064 688 1104 substituendum
713 1064 907 1119 κουοικόν
928 1065 1126 1115 devenit,
1159 1080 1300 1120 neque
1321 1067 1437 1106 hunc
1459 1070 1548 1105 cul-

78 1123 226 1160 tellum
254 1120 400 1170 video,
435 1135 519 1174 qua
540 1122 707 1160 ratione
730 1122 988 1175 supellectili
1019 1122 1143 1160 istius
1166 1124 1372 1175 temporis
1394 1124 1548 1178 philo-

79 1176 312 1241 sophorum
334 1177 563 1217 convenire
589 1178 757 1230 probes
817 1180 909 1217 Imo
941 1179 1125 1217 tonsorii
1148 1179 1427 1219 instrumenti
1447 1183 1547 1218 nul-

75 1236 142 1272 lus
175 1234 352 1272 omnino
389 1248 492 1272 usus
522 1248 612 1273 esse
644 1235 790 1286 potuit
824 1234 1119 1288 philosophiS‚
1163 1249 1268 1288 quos
1300 1247 1469 1276 constat
1497 1237 1544 1274 in

74 1289 202 1329 barba
234 1291 438 1342 promissa
478 1305 684 1328 summum
717 1305 837 1330 suum
871 1301 1162 1330 ornamentum
1203 1292 1425 1342 posuisse3
1467 1307 1547 1332 nec

75 1346 322 1398 vituperare
350 1346 499 1386 debuit
526 1346 808 1399 Philosophia
839 1348 953 1400 ipsa,
999 1347 1114 1400 quod
1145 1350 1229 1386 tale
1264 1348 1546 1387 humanitatis

74 1402 404 1441 instrumentum
430 1403 473 1440 in
506 1417 604 1456 pera
626 1403 783 1454 Cynici
815 1404 1065 1443 invenisset.
1127 1403 1194 1443 Ob
1220 1404 1396 1444 eandem
1419 1420 1547 1444 caus-

77 1473 163 1496 sam
185 1459 494 1511 reprobandum
512 1468 588 1509 est,
606 1458 995 1512 quodJacobsiusin
1012 1459 1269 1501 Additamm.
1284 1461 1542 1502 Animadvv.

78 1515 124 1553 in
144 1515 291 1556 Athen.
312 1530 353 1568 p
379 1520 474 1559 299,
497 1515 703 1568 conjecit,
739 1525 782 1555 et
811 1517 881 1554 cui
908 1517 983 1555 Vir
1001 1517 1181 1556 Doctus
1171 1532 1216 1555 m
1240 1532 1421 1556 censura
1443 1519 1550 1572 Epi-

77 1575 211 1611 stolae
229 1572 591 1611 BastiiCriticae
579 1587 624 1610 in
646 1571 948 1624 Ephemeridd.
964 1574 1149 1614 Ienenss.
1172 1588 1208 1613 a.
1234 1579 1357 1618 1806.
1379 1575 1434 1614 Ν.
1449 1581 1547 1619 281.

71 1642 117 1681 p.
140 1632 236 1672 385.
260 1628 520 1676 adsentitur,
555 1627 763 1682 ὀνυχικὸν,
796 1633 863 1668 vel
888 1628 1147 1682 ὀνυχιστικόι.
1209 1631 1319 1669 Nam
1344 1631 1411 1668 uti
1433 1641 1547 1671 recte

75 1684 247 1738 quidem
275 1694 455 1738 uterque
486 1685 553 1724 vir
581 1684 771 1725 eruditus
802 1685 950 1736 docet,
981 1689 1143 1724 cultum
1169 1687 1380 1739 unguium
1413 1687 1548 1727 dede-

76 1740 214 1780 cuisse
240 1750 329 1778 tum
367 1741 572 1794 temporis
603 1742 836 1805 genuinum
871 1718 1060 1794 Cyiiicae
1094 1743 1284 1782 familiae
1318 1743 1544 1794 adseclam,

73 1797 136 1835 ita
159 1807 295 1835 tamen
319 1796 460 1836 eadem
483 1797 585 1836 haec
616 1800 825 1851 unguium
846 1797 1223 1850 praesecandarum
1247 1814 1346 1838 cura
1370 1800 1548 1840 minime

75 1851 304 1906 displicere
341 1854 487 1906 potuit
514 1853 714 1892 Luciano
745 1857 922 1907 ejusque
967 1854 1187 1903 dominae,
1227 1855 1278 1894 ab
1310 1858 1548 1910 elegantiae

76 1909 420 1962 urbanitatisque
443 1909 587 1948 studio
617 1910 730 1948 haud
759 1911 937 1950 alienae.
999 1910 1297 1965 Quapropter,
1331 1913 1544 1965 siquidem

73 1969 248 2019 vulgata
269 1966 401 2004 lectio
433 1966 681 2029 corrigenda
713 1977 798 2011 est,
831 1968 1087 2006 correxerim
1119 1967 1316 2020 equidem
1344 1983 1435 2006 cum
1459 1969 1547 2008 Be-

76 2021 158 2062 lino
184 2020 435 2075 &cvm-cndu,
470 2023 539 2061 cui
562 2022 722 2061 rationi
745 2024 868 2062 etiam
890 2022 1053 2062 Rasiins
1074 2024 1272 2063 accedere
1293 2040 1378 2063 non
1409 2024 1546 2063 dubi—

76 2078 187 2116 tavit
206 2079 250 2116 in
271 2079 411 2132 Epist.
435 2079 542 2118 Crit.
568 2094 609 2131 p.
636 2084 727 2122 179.
753 2094 810 2133 sq.
836 2090 878 2118 et
905 2081 948 2117 in
972 2079 1166 2131 Append.
1195 2080 1244 2118 ad
1267 2080 1378 2119 hanc
1400 2082 1544 2134 Epist.

75 2149 118 2187 p.
143 2140 210 2177 46.
235 2149 296 2188 sq.
357 2135 615 2188 Intelligunt
635 2147 772 2173 autem
797 2135 840 2173 hi
863 2135 946 2174 viri
971 2136 1169 2175 cullellum
1191 2137 1417 2187 abacorum,
1440 2155 1547 2192 qua-

20 2230 23 2233 ,
76 2190 130 2229 les
159 2203 246 2230 siml
277 2194 323 2240 ii,
366 2167 532 2245 (Ιτιιιύιιςῠ
536 2192 707 2230 homines
733 2209 768 2229 77
761 2191 870 2230 olles·
901 2204 935 2230 et
971 2192 1162 2244 elegantes
1190 2205 1373 2244 ntimtur,·
1420 2209 1546 2247 quem

77 2248 243 2287 Gallice
266 2259 421 2286 vocant
441 2266 488 2286 un
509 2259 671 2287 contean
693 2248 738 2286 (lc
755 2260 808 2287 10·
802 2248 923 2286 ‘hite-
912 2268 923 2299 ,-
957 2263 1162 2302 quemque
1181 2260 1294 2288 recte
1322 2250 1472 2288 dicunt
1494 2251 1544 2288 ab

75 2302 222 2343 eodem
255 2315 404 2343 nostlo
430 2305 639 2356 scriptore
668 2304 777 2344 Adv.
812 2304 981 2344 Indoct.
1010 2319 1043 2344 c.
1076 2310 1141 2347 529.
1173 2305 1408 2359 significari
1437 2321 1545 2346 voce

73 2363 338 2413 μαχαιρίδων.
400 2361 556 2399 Vocem
585 2367 679 2409 &pv
673 2360 811 2408 ῑτικὸς
833 2371 968 2399 autem
991 2361 1032 2398 in
1063 2362 1170 2399 hanc
1193 2377 1276 2401 iem
1306 2362 1413 2401 bene
1436 2366 1545 2402 elec..

76 2425 161 2454 tam
191 2431 304 2463 esse,
336 2417 490 2469 probat
518 2417 680 2456 Las-'tius
709 2417 845 2456 verbis
878 2418 1055 2456 Paullicis
1085 2418 1305 2457 Onomast.
1332 2420 1365 2456 V
1374 2419 1437 2469 II,
1471 2423 1540 2464 85.

73 2468 264 2525 υπὸδημα
282 2474 486 2521 πολυτελὲς
508 2476 576 2514 καὶ
596 2481 767 2526 θριπῑιγ
761 2473 832 2514 ,όν.
866 2473 1163 2512 Ixihilominus
1185 2476 1322 2513 fateor
1344 2491 1407 2514 me
1430 2491 1542 2514 non-

77 2527 175 2566 dum
208 2530 448 2584 intelligeie
479 2530 720 2582 corrigendi
750 2530 1070 2576 necessitatem;
1106 2530 1233 2568 modo
1261 2541 1374 2570 recte
1398 2534 1540 2584 capias

74 2587 293 2638 vulgatum
318 2586 503 2629 θυτικόν.
565 2588 687 2625 Falso
721 2597 858 2625 autern
886 2597 1087 2638 ceperunt
1114 2590 1242 2641 vulgo
1271 2587 1538 2641 interpreteS,

76 2651 125 2678 ut
146 2642 208 2679 sic
231 2641 357 2681 facile
379 2643 568 2695 suspicio
590 2654 630 2682 et
653 2642 893 2695 corrigendi
913 2642 1060 2680 lubido
1086 2644 1190 2680 oriri
1214 2654 1367 2693 posset.
1424 2646 1538 2685 Sec&

74 2699 199 2748 spitac
223 2698 359 2744 enim,
393 2713 513 2752 quam
549 2699 802 2739 Cczsaubonus
823 2702 913 2738 vult
946 2698 994 2736 ad
1025 2698 1181 2738 Sueten.
1203 2700 1300 2740 Tib.
1328 2716 1362 2739 e.
1382 2705 1474 2748 25.,
1509 2703 1519 2739 i

76 2770 110 2792 e.
137 2757 272 2793 cultro
297 2753 346 2792 ad
370 2757 609 2795 mactandas
641 2756 803 2796 hostias
828 2755 1058 2803 destinato,
1090 2759 1232 2795 nullus
1254 2759 1447 2810 profecto
1467 2762 1536 2797 10-
