1781 3174
1376 240 1473 288 189

93 580 222 631 KA
245 579 561 630 TAHAO
584 579 728 635 ΥΣ,
773 576 840 625 Η
886 577 1259 628 TYPANN
1281 548 1634 639 022>.p.s20j

181 785 331 828 Argum.
380 782 509 817 Simile
529 787 566 815 et
591 781 738 822 forma,
762 785 799 813 et
824 785 1066 824 argumento,
1092 779 1167 815 hoc
1193 781 1402 817 dramation
1424 791 1481 821 est

94 841 244 886 dialogo
263 843 511 875 Mortuornm
531 839 688 873 decimo.
735 839 781 872 In
797 844 959 882 utroque
977 849 999 870 a
1017 838 1188 873 Charone
1208 841 1360 884 Stygem
1375 844 1482 886 traji-

94 899 245 934 ciuntur
263 899 386 932 variae
397 899 571 939 umbrae3
595 898 634 930 in
650 902 811 940 utroque
820 895 1088 940 perstringitur
1100 897 1299 932 hominum
1310 900 1482 947 stultitia,

91 970 160 1004 per
171 959 396 1002 Menippum
413 956 453 989 in
472 954 655 998 ahorofin
666 953 783 987 altero
800 953 960 987 maxime
977 965 1043 999 per
1055 956 1486 1004 Cyniscuubutrumque

92 1017 184 1051 olim
196 1015 357 1060 Cynicae
378 1018 498 1047 sectae
519 1010 799 1056 philosophum.
845 1011 901 1045 Eo
918 1016 1044 1044 tamen
1063 1012 1258 1055 differunt,
1287 1016 1387 1059 quod
1403 1016 1485 1052 jffic

93 1073 196 1108 varia
213 1072 395 1106 stultitiae
424 1080 561 1114 genera
590 1067 810 1110 deridenda,
836 1066 899 1101 hie
920 1078 1036 1102 unum
1064 1070 1321 1115 potissimum,
1346 1074 1484 1109 immo-

96 1131 225 1165 derata
244 1127 465 1163 dominandi
482 1126 599 1160 libido
611 1149 621 1165 ,
650 1131 686 1157 et
707 1135 800 1168 quae
818 1135 906 1160 cum
925 1125 994 1159 hac
1010 1126 1087 1160 fere
1105 1129 1303 1169 conjuncta
1325 1141 1402 1165 esse
1424 1144 1486 1166 30-

93 1189 195 1231 lent,
235 1186 379 1231 flagitia
405 1191 441 1218 et
474 1184 615 1217 scelera
642 1181 879 1225 despicienda
905 1182 962 1216 vel
993 1185 1196 1218 aversanda
1225 1188 1486 1231 propinantur.

96 1246 243 1283 Deinde
261 1245 301 1278 in
329 1242 396 1276 illo
421 1252 506 1275 cum
535 1241 695 1283 trajectu
714 1239 846 1272 finitur
863 1241 984 1282 actio,
1009 1241 1049 1274 in
1078 1241 1151 1275 hoc
1182 1243 1295 1277 etiam
1324 1246 1369 1279 ad
1388 1248 1487 1288 judi-

98 1306 200 1339 cium
227 1298 508 1336 Rhadamanthi
533 1309 643 1331 scena
672 1296 902 1338 extenditur,
943 1298 1007 1332 ubi
1036 1299 1284 1343 Megapenthi
1309 1308 1485 1350 tyranno,

94 1359 296 1409 primariae
325 1355 502 1390 dramatis
536 1365 735 1399 personae,
771 1366 791 1388 a
816 1354 939 1396 judice
974 1366 1100 1389 severo
1113 1381 1121 1397 ,
1160 1359 1311 1402 cognita
1343 1373 1486 1407 caussa,

94 1420 206 1464 digna
222 1413 497 1451 maleficiorum
513 1423 632 1456 poena
648 1411 850 1456 irrogatur.
900 1412 1042 1445 Merito
1060 1413 1163 1447 hunc
1183 1414 1323 1448 librum
1345 1428 1485 1463 omnes,

94 1477 229 1523 quibus
249 1471 430 1516 judicium
450 1470 494 1503 de
512 1468 650 1504 talibus
671 1469 870 1515 competit,
894 1469 1202 1515 ingeniosissimis
1222 1477 1258 1505 et
1275 1473 1486 1510 utilissimis

93 1533 252 1569 Luciani
279 1533 489 1564 accensent.

98 1653 228 1694 ΧΑΡ.
260 1623 421 1696 Εἶεν,
462 1639 495 1686 ὦ
523 1648 702 1687 Κλωθοῖ.
744 1641 788 1686 τό
820 1643 892 1698 μὲν
912 1641 1075 1699 σκάφος
1099 1649 1220 1689 τοῦτο
1247 1643 1344 1702 ἦμῖν
1362 1648 1486 1694 πάλαι
1512 1651 1536 1692 1

97 1716 304 1773 εὐτρεπὲς,
341 1714 410 1756 καὶ
438 1710 541 1767 πρὸς
575 1709 790 1768 ἇναῷωγὴν
819 1705 865 1754 εὖ
891 1711 995 1766 μάλα
1021 1718 1408 1770 παρεσκευασμένον.
1441 1718 1486 1771 ὅ,

97 1803 141 1830 τε
160 1783 236 1842 γὰρ
257 1783 398 1831 ἄντλος
420 1783 641 1835 ἐκκέχυται,
673 1782 741 1823 καὶ
774 1777 794 1823 ὅ
823 1779 930 1831 ἴστὸς
960 1780 1173 1836 ὤρθωται,
1206 1786 1274 1826 καὶ
1299 1781 1325 1838 ἡ
1354 1783 1488 1841 ὀθόνη

99 1846 533 1910 παρακέκρουσταιδ),
564 1851 632 1891 καὶ
659 1854 740 1891 τῶν
768 1853 918 1890 κωπῶν
949 1847 1094 1903 ἑκάστη
1124 1851 1382 1906 τετρόπωται.
1412 1873 1489 1897 κω·

102 1920 192 1966 λύει
215 1937 258 1963 τε
278 1917 410 1971 οὐδὲν,
442 1917 540 1961 ὅσον
560 1913 622 1961 ἐπ’
646 1918 755 1970 ἐμοὶ,
783 1915 828 1959 τό
848 1913 1039 1972 ἀγκύριον
1061 1917 1372 1972 ἀνασπάσαντας
1391 1922 1491 1967 ἄπο·
1504 1944 1540 1979 p.
1554 1932 1636 1968 621.

150 2022 197 2068 a)
227 2023 384 2056 TTPA
399 2021 528 2063 NN.]
554 2019 762 2060 ,,ΧΑΡ.ΩΝ
775 2017 878 2051 addit
897 2018 926 2054 J.
948 2025 987 2052 et
1005 2020 1052 2053 H.
1101 2022 1211 2055 Prior
1229 2025 1408 2058 continua
1437 2039 1494 2062 se-

195 2069 270 2111 rio,
295 2068 433 2109 altera,
461 2072 502 2099 ut
525 2065 722 2099 Charontis
752 2075 910 2107 persona
938 2065 1131 2111 dialogum
1162 2069 1325 2104 inchoet.
1378 2074 1494 2107 Deest

198 2120 325 2149 autem
343 2115 380 2147 in
405 2113 458 2145 Pl.
481 2116 518 2145 et
536 2112 654 2145 Par.“
723 2110 773 2153 b)
799 2110 1258 2159 παρακέκρουσται]
1283 2119 1495 2163 ,,παρακκέ-

200 2171 356 2204 ρουσται
371 2160 400 2192 J.
423 2158 503 2192 sola
523 2158 631 2193 male.
668 2156 850 2201 Reliquae
868 2165 983 2198 recte,
1012 2160 1107 2193 sicut
1126 2167 1162 2194 et
1180 2163 1395 2198 Baroccian·
1421 2167 1495 2201 Co-

199 2207 310 2241 dex.“
356 2205 478 2239 Solen.
499 2214 698 2250 perperam
722 2205 818 2246 conj.
839 2204 1148 2252 παρακέρουσται.

187 2362 678 2425 TRAJECTUS‚
732 2361 910 2411 SIVE
962 2363 1418 2417 TYRANNUS.

117 2570 235 2613 Char.
268 2550 392 2609 Satis
416 2568 466 2609 de
486 2567 573 2617 his,
601 2569 776 2610 Clotho.
835 2573 925 2610 lum
950 2583 1143 2623 passum,
1175 2585 1253 2612 suo
1278 2574 1377 2613 loco
1409 2589 1498 2615 sus-

115 2629 174 2668 At
194 2626 351 2680 scapha
373 2625 499 2664 nobis
523 2624 596 2664 diu
621 2627 779 2665 instru-
836 2641 992 2681 pensus
1018 2629 1310 2683 unusquisque
1334 2645 1499 2681 remus;

117 2694 207 2734 cta,
239 2693 280 2723 et
307 2681 359 2721 ad
380 2685 597 2734 trajectum
632 2692 780 2736 parata
838 2697 978 2736 neque
1002 2683 1230 2739 quidquam
1254 2685 1295 2724 in
1321 2702 1386 2726 mc
1406 2703 1505 2727 mo·-

121 2741 283 2794 optime
306 2748 393 2778 est:
431 2738 635 2778 exhausta
664 2739 779 2778 enim
838 2753 909 2778 rae
935 2749 1021 2789 est,
1057 2754 1141 2792 quo
1164 2742 1306 2781 minus
1337 2744 1503 2783 sublata

118 2797 310 2849 nentina,
341 2803 508 2835 erectus
527 2797 678 2848 malus,
711 2810 782 2837 ve·
839 2809 996 2836 ancora
1019 2800 1246 2842 solvamus,
1306 2799 1388 2842 Sed
1414 2815 1506 2841 mo.
