1781 3174
164 215 301 284 *476⁷
548 230 1301 272 ADNOTA'rxonas

412 333 506 374 Hae
523 342 630 382 sunt,
661 346 758 385 quas
777 332 912 369 merito
929 328 1126 385 quondam
1147 339 1202 368 est
1222 330 1368 368 mirata
1387 340 1567 370 vetustas.

468 391 713 441 ΖΙῚαὲηανιιηι
736 403 860 425 rerum
877 401 1024 440 magna
1041 385 1221 439 sepulcra
1236 385 1355 427 vides.

191 450 277 488 Pro
311 447 525 500 Regnaque
553 458 714 482 summo
744 442 944 495 Scaligero
984 442 1146 495 placuit
1175 441 1333 494 Regia.-
1371 441 1480 481 mihi
1506 442 1652 496 potius

193 504 388 554 videtur,
418 502 583 541 Riaeane
604 503 670 540 vel
689 499 901 553 Rixaque:
933 496 983 538 de
1009 497 1188 537 Athenis
1215 498 1445 549 Neptunus
1478 508 1521 538 et
1551 499 1655 538 Mi-

193 575 323 600 nerva
342 568 487 597 mutua
506 558 580 595 lite
600 554 934 601 contenderunt,
963 554 1102 592 utrius
1126 554 1171 591 in
1191 552 1357 592 ditione
1387 555 1485 593 urbs
1507 555 1654 593 futura

194 626 324 656 esset:
355 617 457 664 vix,
491 614 662 665 inquit,
694 610 896 650 credibile
915 609 1131 649 videbitur
1162 609 1269 647 illud
1293 610 1484 649 Deorum
1516 620 1655 650 certa-

194 687 316 717 men,
348 671 382 709 si
412 669 573 724 gloriae
594 667 749 708 veteris
784 667 928 705 ruinas
958 665 1193 719 adspicias:
1230 666 1444 718 Mycenae
1479 680 1654 720 quoque

195 728 393 767 victrices
415 728 534 778 pejus
558 738 680 777 quam
704 724 822 761 Ilion
848 722 1044 762 desertae.
1105 721 1293 774 Sepulcra
1314 723 1533 762 commode
1554 731 1655 761 sunt

194 792 416 835 usurpata:
448 796 564 831 nam,
603 790 653 818 ut
682 779 924 818 Mercurius
951 778 1034 829 ait,
1073 774 1403 830 ἀποθνήσκουσιν
1431 781 1476 819 αἵ
1506 776 1652 826 πόλεις.

195 839 246 879 de
270 853 348 892 qua
370 847 552 876 totarum
574 836 742 875 urbium
765 844 898 874 morte
924 836 1043 888 plura
1076 833 1238 872 dabunt
1266 834 1312 874 P.
1334 833 1462 873 Faber
1483 835 1591 875 Sem.
1615 834 1651 877 I.

196 911 231 936 c.
256 901 306 945 8,
332 900 370 938 9.
403 893 563 932 Fabrot.
596 891 649 931 ad
676 890 879 945 leeoplzil.
908 891 1011 928 Inst.
1039 891 1096 928 ΙΙ.
1119 893 1168 930 Τ.
1189 890 1263 930 IV.
1306 900 1453 930 neuter
1479 891 1656 930 Luciam*

194 953 454 990 mentionem
480 948 636 987 omisit.
665 948 854 988 Ambros.
887 947 966 999 Ep.
990 946 1169 987 XXXV.
1230 947 1307 985 Tot
1333 948 1455 998 igitur
1481 950 1654 986 semiru-

194 1019 324 1047 1amcm
344 1007 496 1045 urbium
518 1005 728 1054 cadavera,
760 1015 1023 1058 terrarumque
1043 1002 1112 1041 sub
1134 1001 1263 1041 eodem
1289 1001 1650 1058 aclspeciufunera.

192 1066 378 1104 HEMST.
438 1062 653 1113 Sulpicius
677 1061 720 1097 in
739 1060 1052 1113 elegantissima
1075 1060 1254 1111 epistola
1277 1057 1328 1096 ad
1354 1057 1473 1098 Cicer.
1493 1058 1544 1097 ad
1566 1060 1651 1097 Fa-

191 1121 296 1161 mill,
320 1120 402 1168 IV,
424 1122 463 1163 5.
489 1119 553 1165 Vita
577 1117 752 1155 scribit:
783 1147 811 1166 7,
826 1115 956 1155 Hem!
990 1129 1066 1153 nos
1087 1113 1339 1152 homunculi
1365 1113 1650 1169 indignamur,

192 1177 269 1225 „si
291 1176 386 1229 quis
409 1184 601 1214 nostrum
623 1172 813 1221 interiit,
847 1182 918 1210 aut
939 1171 1106 1210 occisus
1129 1180 1216 1216 est,
1251 1183 1427 1222 quorum
1453 1171 1541 1210 vita
1561 1170 1652 1209 bre-

188 1233 327 1282 „vior
348 1246 436 1271 esse
460 1229 605 1279 debet,
637 1244 730 1267 cum
751 1243 838 1266 uno
856 1231 956 1267 loco
978 1237 1044 1266 tot
1067 1226 1251 1280 oppidum
1272 1225 1467 1266 cadavera
1488 1229 1652 1281 projec-

190 1299 272 1338 „ta
292 1287 522 1343 jaceant!“
554 1286 622 1326 Cf.
647 1286 776 1325 Sctzec.
801 1285 940 1336 Epist.
957 1288 1023 1326 91.
1055 1285 1214 1323 LEnM.

303 1366 407 1406 Ibicl.
428 1364 563 1408 ‘'Oscov
585 1362 679 1406 πότ’
700 1357 777 1416 ἦν)
815 1362 982 1416 Campus
1002 1363 1179 1418 abisaia
1210 1365 1390 1403 BOURD.

304 1434 408 1474 Εαιῖ.
427 1436 455 1472 l.
478 1440 542 1477 13.
569 1429 633 1473 ‘H
655 1428 874 1484 Βαβυλών)
913 1431 1009 1468 Ηοο
1037 1430 1179 1468 multis
1211 1431 1412 1483 exemplis
1449 1429 1573 1469 docet
1602 1429 1649 1467 in

187 1490 407 1529 Arcadicis
427 1490 660 1528 Pausanias.
692 1489 835 1534 Bnpn.
878 1485 1082 1526 Nondum
1093 1485 1268 1525 Luciam'
1292 1497 1427 1525 aetate
1447 1495 1535 1524 tota
1556 1500 1647 1538 per—

190 1548 296 1585 ierat
325 1545 546 1598 Babylon:
581 1544 772 1598 quamvis
795 1544 907 1582 enim
939 1541 983 1580 in
1007 1541 1090 1580 hoo
1113 1545 1320 1595 opusculo
1340 1545 1472 1580 multa
1491 1541 1577 1579 sint
1590 1544 1649 1580 al..

190 1603 321 1640 terius
343 1604 566 1653 temporis,
598 1601 669 1639 hic
690 1599 740 1639 ad
759 1614 875 1638 suam
895 1608 1072 1638 aetatem
1092 1599 1326 1650 respexisse
1346 1608 1462 1649 puto.
1524 1597 1649 1636 Certe

187 1659 345 1711 Navig.
368 1673 401 1697 c.
426 1662 495 1701 34.
525 1657 759 1709 Babylonis
785 1666 826 1694 et
849 1653 1090 1702 Seleuciae,
1126 1664 1172 1692 ut
1196 1653 1476 1703 diversarum,
1511 1652 1650 1692 diser-

187 1725 229 1752 te
253 1715 460 1756 meminit.
509 1708 643 1752 ‘Adde
665 1711 874 1765 Joscplzum
900 1711 1001 1752 Ant.
1032 1710 1198 1749 XVIII.
1229 1710 1395 1761 saepius
1428 1709 1479 1747 de
1503 1709 1649 1761 Baby-

186 1774 288 1809 lone
315 1771 435 1824 quasi
459 1780 597 1809 stante
624 1779 727 1806 tuuc
760 1767 963 1820 temporis
992 1765 1118 1804 verba
1148 1766 1397 1804 facientem:
1429 1766 1535 1818 Cajo
1568 1780 1650 1803 au-

186 1837 269 1865 tem
290 1827 546 1878 imperante,
580 1839 687 1878 quae
707 1823 765 1861 ibi
787 1832 941 1871 narrat,
975 1821 1250 1875 gerebantur:
1282 1821 1379 1860 vide
1399 1821 1647 1874 praesertim

186 1883 339 1935 capitis
371 1883 424 1922 X.
456 1882 713 1921 novissimae
741 1879 822 1919 Ed.
845 1879 986 1918 Oxon.
1018 1877 1052 1930 ὗ
1083 1882 1121 1921 6.
1145 1887 1187 1916 et
1210 1882 1247 1921 8.
1288 1877 1362 1915 ubi
1389 1877 1648 1918 Judaeorum

183 1939 383 1992 migratio
404 1948 596 1977 narratur
616 1952 637 1976 e
654 1937 877 1989 Babylone
900 1933 952 1972 ad
975 1934 1222 1972 Seleuciam.
1269 1933 1380 1983 Legi
1401 1943 1538 1972 tamen
1562 1948 1649 1972 me..

183 2005 354 2042 rentur,
388 2010 494 2048 quae
517 2009 538 2033 a
558 1994 761 2033 Boclzarto
782 2007 834 2030 ex
854 1990 958 2030 Plin.
980 1990 1066 2039 VI,
1089 1995 1156 2033 26.
1181 2001 1221 2028 et
1241 1990 1374 2029 Str-ab.
1400 1989 1517 2029 XVI.
1549 2003 1650 2041 pro-

182 2051 401 2100 feruntur,
436 2066 519 2105 quo
541 2049 775 2091 Seleuciam
795 2046 981 2100 intelligi
1014 2045 1189 2099 probet,
1231 2060 1324 2084 cum
1354 2060 1400 2084 ea
1435 2054 1570 2084 aetate
1604 2055 1649 2084 et

185 2105 383 2160 deinceps
414 2107 611 2160 Babylon
641 2104 901 2144 nominatur.
972 2101 1092 2141 Adde
1128 2101 1232 2142 Cur-t.
1267 2102 1327 2152 V,
1366 2107 1401 2143 1.
1423 2101 1575 2140 I‘Ierocl.
1598 2102 1645 2152 I,

184 2168 278 2205 184.
311 2163 381 2202 sed
406 2164 504 2203 vide
522 2163 649 2203 etiam
672 2161 881 2214 Spanlzem.
903 2163 997 2203 463.
1022 2158 1097 2211 qui
1121 2173 1173 2196 ex
1192 2157 1293 2198 Plin.
1316 2157 1389 2198 VI.
1412 2167 1454 2196 et
1472 2157 1647 2201 Pausan.

181 2219 302 2259 VIII.
324 2234 365 2272 p.
386 2223 483 2264 509.
516 2218 630 2258 nihil
649 2227 814 2271 praeter
834 2215 1002 2254 moenia
1026 2214 1287 2267 superfuisse
1309 2212 1446 2252 docet.
1478 2213 1645 2253 Sonam.

294 2298 397 2339 Jbicl.
424 2296 490 2340 “H
511 2295 581 2340 τὸν
608 2298 729 2351 μέγαν
758 2292 1000 2349 περίβολον)
1030 2290 1210 2346 ’Έχουσα
1239 2289 1460 2332 subaudio.
1499 2291 1645 2332 Bnon.

191 2352 243 2395 Τὸ
267 2355 431 2406 ἔχουσα,
466 2364 539 2393 aut
561 2353 665 2407 quid
687 2353 848 2401 simile,
883 2349 1109 2389 desiderari
1133 2349 1314 2388 videtur.
1339 2348 1512 2389 GUYET.
1554 2348 1644 2387 Mi-

183 2410 310 2450 nime.
352 2412 446 2449 Vid.
485 2424 610 2463 supra
637 2424 670 2449 c.
697 2414 736 2452 9.
762 2417 804 2447 et
824 2411 887 2450 14.
949 2407 1019 2444 De
1053 2404 1214 2443 ambitu
1242 2413 1379 2442 autem
1407 2403 1642 2456 Babylonis

183 2476 226 2504 et
245 2467 561 2517 magnificentia
581 2465 667 2506 vid.
690 2463 882 2505 Herodot.
905 2463 950 2513 I,
977 2467 1070 2506 186.
1095 2471 1137 2499 et
1160 2460 1265 2500 Curi.
1283 2459 1346 2507 V,
1376 2465 1408 2501 1.
1440 2460 1597 2499 Lnnnr.

296 2523 394 2576 Pag.
417 2529 482 2565 71.
504 2526 530 2561 l.
554 2529 593 2566 2.
630 2519 862 2573 Μυκήνας)
901 2520 952 2558 V.
991 2516 1239 2557 Strabonem
1264 2515 1385 2554 VIII.
1412 2530 1452 2568 p.
1473 2522 1568 2560 377.
1591 2518 1641 2557 B.

183 2581 301 2632 cujus
326 2589 459 2618 aetate
478 2593 530 2618 ne
554 2578 783 2630 vestigium
807 2575 977 2629 quidem
1000 2576 1090 2626 ejus
1114 2571 1317 2610 exstabat.
1349 2571 1519 2612 SOLAN.

293 2634 393 2673 Ead.
418 2638 444 2674 l.
468 2640 506 2678 5.
544 2632 894 2686 Ἀποθνήσκουσιν
932 2633 976 2671 αἱ
1009 2627 1171 2679 πόλεις)
1226 2626 1430 2667 Plutarch.
1470 2629 1640 2668 Romul.

182 2691 331 2730 Cetera
355 2690 541 2741 epitheta
568 2690 820 2739 Homerica,
854 2696 903 2727 ut
932 2696 974 2727 et
1002 2697 1150 2725 sensus
1186 2692 1228 2723 et
1244 2683 1455 2735 rationes,
1488 2684 1641 2739 quibus

181 2748 350 2787 nititur.
382 2747 560 2787 Bounn.
