1781 3174
508 222 583 255 xx
652 222 1159 258 1’1scA‘ronan.
1469 215 1567 280 (291

211 321 314 363 Eacl.
333 323 365 364 1.
386 325 453 366 11.
488 325 627 364 Θαλοῦ
651 319 860 380 στεφάνῳ)
890 322 962 364 Sic
983 332 1130 376 postea
1161 326 1219 380 τῷ
1234 326 1354 381 θαλῷ
1371 325 1574 382 στεφόμε-

97 395 183 427 νος.
245 378 521 418 Grammatici
553 379 705 418 Graeci
739 379 851 419 idem
882 393 973 419 esse
1001 382 1142 432 ajunt,
1176 394 1225 418 ac
1257 380 1429 431 θαλλός·
1462 385 1571 438 quid.

99 446 238 475 autem
257 434 428 486 θαλλὸς,
462 435 628 476 Theocr.
648 434 774 475 docet
792 434 953 488 Eidyn.
975 436 1148 491 Hesych.
1172 436 1284 477 Suicl.
1307 451 1571 480 vocaverunt

100 492 226 531 etiam
260 490 381 545 ὅσχον
403 490 570 545 κρατὸς,
602 502 650 530 ut
680 491 792 546 apud
823 492 997 547 Hesyclz.
1030 493 1162 531 verbo
1191 490 1409 546 χύτλασον,
1444 500 1566 550 cujus

96 549 239 586 locum
270 547 467 587 emendat
505 548 656 602 Scalig.
681 547 822 602 χύτλος
847 551 888 590 ὸὲ
917 546 1062 601 κρατὸς
1088 549 1207 602 ὄσχος
1239 548 1402 600 εὕσκιος
1430 559 1569 607 παρῆν

97 605 284 658 χυμένοις
303 614 384 644 etc.
408 615 618 644 vocarunt
639 605 790 643 Latini
815 605 1027 659 sagmina:
1061 606 1129 645 Gl.
1152 617 1235 646 vet.
1257 607 1449 661 Sagmina
1468 616 1569 651 θαλ-

96 660 188 709 λὸς,
223 663 426 702 σπονδεῖα.
457 662 550 699 Hac
572 660 622 701 de
645 676 688 700 re
707 662 854 701 Athen.
875 661 946 702 lib.
968 666 1006 704 7.
1023 662 1268 702 ferebantur
1290 663 1335 702 iu
1356 665 1567 706 Panathe—

96 717 218 755 naica
242 732 420 770 pompa,
453 718 614 771 quique
633 718 826 758 ferebant
849 715 1103 771 θαλλοφόροι
1126 717 1253 769 dicti,
1285 730 1334 758 ut
1357 724 1449 760 vult
1469 722 1568 762 Jun-

96 789 165 812 cus
197 773 309 826 apud
341 774 451 813 Stob.
482 774 584 813 licet
623 774 795 828 quidam
826 784 1035 826 asserant,
1073 775 1205 814 fuisse
1236 790 1372 816 ramos
1408 778 1565 827 olivae,

96 842 205 883 quos
247 844 376 868 manu
418 830 662 885 gestabant,
708 840 755 868 ut
788 832 984 872 videatur
1018 846 1106 871 esse
1137 830 1246 871 illud
1289 833 1567 875 Homericum

95 885 283 939 στέμματ’
305 888 403 938 ἔχων
426 889 466 929 ἐν
484 889 628 940 χερσίν.
688 887 766 926 Usi
784 897 883 926 sunt
906 898 946 926 et
967 888 1138 934 Latini,
1171 898 1219 926 ut
1240 898 1390 929 auctor
1413 890 1526 932 Geir.

315 944 446 996 Pergit
465 944 683 995 Amyclaeo
709 960 893 999 spargens
914 943 1062 985 altaria
1081 944 1219 988 thallo,

94 997 224 1053 Quod
251 1000 398 1053 Vir-gil.
425 1005 462 1044 6.
488 1001 594 1039 Aen.
623 1000 735 1038 dixit

272 1069 276 1071 “
311 1056 445 1097 Remo
463 1057 697 1114 frondentis
724 1056 864 1096 olivae.

90 1113 270 1153 Bonan.

205 1169 309 1212 Eacl.
328 1174 357 1211 l.
384 1177 444 1216 13.
474 1167 544 1212 ’Ev
564 1170 673 1227 χρῷ)
701 1168 771 1211 Ἐν
794 1176 924 1224 χρῶτι,
948 1171 1004 1210 acl
1021 1171 1229 1219 vivum,ad
1247 1184 1384 1212 cutem.
1416 1172 1564 1215 Bnon.

95 1225 261 1265 Confer
283 1242 409 1281 supra
438 1228 523 1270 Vit,
547 1230 675 1267 Auct.
698 1242 731 1266 c.
751 1233 818 1271 20.
867 1229 1036 1268 SOLAN.

203 1283 305 1337 Pag.
332 1288 476 1329 180.1.
498 1290 536 1328 2.
569 1282 636 1324 ἸἨ
665 1282 919 1338 ἐγκαυσάτω)
955 1285 1054 1339 Quo
1081 1284 1210 1324 modo
1239 1286 1372 1339 prisci
1402 1286 1567 1342 fugiti-

90 1353 239 1379 vorum
260 1342 445 1380 frontem
467 1340 705 1381 inurebant.
750 1343 894 1381 Bnoo.

200 1396 303 1437 Ead.
325 1400 351 1440 l.
375 1402 415 1441 8.
444 1394 773 1452 ‘TnsQochva
805 1398 906 1440 Hor.
931 1396 1047 1438 oculo
1075 1400 1255 1438 irretorto
1278 1399 1338 1439 II.
1361 1398 1444 1441 Od.
1466 1404 1505 1444 2.
1531 1400 1564 1440 f.

90 1452 260 1493 SOLAN.

203 1509 303 1562 Pag.
333 1515 426 1554 181.
451 1512 480 1549 l.
501 1515 538 1554 2.
572 1504 837 1562 Ἀλωπεκίας)
883 1510 1014 1564 Vulpe
1041 1522 1213 1552 notatos.
1243 1513 1390 1556 Bnon.
1453 1514 1566 1554 Sua-

88 1565 264 1605 vissimo
285 1570 384 1605 lusu
408 1568 581 1620 respicit
606 1567 780 1606 nomine
801 1570 933 1607 altero
957 1567 1006 1606 ad
1029 1572 1254 1618 κοππατίας
1271 1584 1428 1624 equos,
1461 1573 1566 1611 alte·

86 1637 135 1660 ro
162 1621 212 1660 ad
241 1622 499 1677 σαμφόρους,
531 1623 582 1663 de
608 1623 763 1677 quibus
793 1623 846 1662 ad
875 1625 1140 1678 principium
1165 1626 1361 1666 Nubium
1389 1628 1566 1667 Aristo-

84 1679 227 1733 phanis
248 1681 329 1718 viri
352 1680 603 1720 doctissimi.
652 1681 789 1719 Gsssx.

201 1735 306 1776 Eacl.
326 1740 351 1775 1.
371 1741 409 1780 6.
438 1733 496 1777 ‘H
515 1735 660 1790 ἱέρεια)
693 1737 762 1775 De
782 1750 863 1788 qua
886 1750 1008 1789 supra
1032 1737 1250 1777 Lucianus.
1298 1739 1446 1780 Bnon.

199 1791 302 1831 Eacl.
327 1795 356 1832 1.
382 1797 421 1835 7.
452 1791 606 1844 ’Κλ-τερ)
639 1791 703 1830 Ad
732 1793 938 1846 aliquam,
972 1808 1046 1831 sua
1076 1804 1213 1833 aetate
1243 1805 1386 1833 notam
1420 1795 1564 1836 histo-

86 1849 189 1887 riam
212 1848 378 1898 alludit,
396 1864 501 1903 quae
522 1849 573 1887 ad
595 1863 672 1888 nos
693 1864 825 1903 usque
846 1864 932 1888 non
952 1849 1120 1889 videtur
1137 1852 1394 1902 pervenisse.
1430 1852 1563 1906 Quod

89 1903 193 1957 ὥπερ
217 1904 423 1959 hiclegis‚
438 1920 490 1944 ex
510 1905 575 1945 ed.
600 1906 636 1943 J.
660 1916 745 1956 est3
778 1906 820 1943 in
844 1906 1018 1957 reliquis
1038 1907 1148 1945 enim
1169 1917 1232 1945 est
1247 1905 1358 1960 ὅπερ.
1386 1909 1558 1950 SOLAN.

74 1959 220 2014 ‘'5271589
246 1961 360 2000 duali
384 1976 559 2000 numero
581 1976 631 2000 ex
653 1961 690 2000 J.
715 1962 1007 2014 recipiendum
1037 1965 1216 2014 jusserat
1240 1964 1424 2004 Salanus.
1473 1965 1561 2004 Ob-

88 2017 382 2058 secundassem
406 2020 577 2068 certe,si
601 2022 737 2070 plures
751 2017 886 2058 led.
913 2028 952 2056 et
970 2018 1076 2057 lfzdd.
1098 2018 1357 2059 addicerent.
1390 2022 1554 2060 mez.

88 2074 343 2113 Lectionem
379 2073 483 2126 ὥπερ
515 2075 679 2113 Iuntina
700 2089 751 2112 ex
780 2074 881 2115 Am,
908 2080 946 2118 2,
972 2075 1196 2125 desumsit,
1230 2077 1274 2113 in
1308 2090 1430 2130 quam
1460 2093 1558 2116 casu

88 2131 258 2185 potius,
294 2142 340 2168 ut
372 2130 483 2169 haud
513 2146 643 2183 pauca
679 2132 780 2178 alia,
815 2147 935 2185 quam
969 2132 1176 2181 consilio,
1211 2133 1429 2184 irrepsisse
1456 2134 1560 2186 opi-

87 2201 179 2226 nor.
222 2187 410 2226 Omnino
433 2187 576 2239 putidi
598 2187 750 2225 fuisset
775 2187 1071 2237 Gsarnmatici,
1105 2203 1190 2226 uon
1213 2187 1398 2226 liberalis
1426 2191 1563 2243 scrip-

88 2243 216 2293 toris,
250 2244 385 2282 Duali
416 2244 504 2293 uti,
539 2243 613 2280 ubi
637 2257 699 2281 res
736 2243 843 2281 duae
868 2244 1061 2296 quidem,
1096 2243 1167 2282 sed
1194 2245 1236 2282 in
1267 2259 1392 2282 unam
1419 2257 1557 2286 tamen

89 2299 311 2339 notionem
339 2303 615 2352 conjunctae,
651 2310 696 2337 ut
716 2300 757 2339 h.
780 2302 805 2337 l.
832 2300 1013 2338 indicari
1039 2300 1261 2339 debebant.
1313 2302 1470 2344 Lnnu.

200 2357 300 2396 Ῑῖτιῑῖ.
321 2359 348 2394 l.
371 2362 406 2400 8,
436 2354 680 2408 ’Λιτέΰηκεν)
715 2357 800 2394 Diis
826 2356 985 2395 (Hem-it.
1054 2358 1178 2395 ‘ir-OD.

203 2413 305 2451 Ead.
336 2416 447 2455 l.14.
494 2418 609 2454 ΦΙΛ.
652 2416 701 2453 Τί
736 2411 921 2464 πράττειν
966 2410 1068 2466 ἀνὴρ
1104 2416 1348 2466 διανοεῖται,-
1392 2419 1556 2457 ΠΑΡΡ.

88 2467 288 2517 Δελεεὲσας
305 2469 348 2511 vd
369 2468 582 2524 ἄγκιστρον
603 2467 758 2520 ἰσχάδι)
789 2470 1014 2518 Ιίνιιιῖασιις,
1050 2470 1124 2507 ubi
1152 2483 1297 2508 nomm
1322 2472 1572 2527 Παᾷῥησιάχ

90 2529 163 2567 δον
187 2540 379 2578 persona,
406 2527 556 2580 reponi
579 2529 671 2564 vult
695 2540 915 2579 personam
935 2525 1107 2576 Ἀρετῆς.
1143 2527 1220 2566 Sed
1247 2528 1415 2567 frustra.
1460 2531 1556 2568 Re·-

89 2581 269 2635 spondet
290 2583 399 2620 enim
415 2581 709 2621 Parrhesiades
725 2581 1046 2634 Philosophiae,
1074 2597 1164 2620 cum
1186 2583 1468 2624 admiratione
1488 2586 1554 2623 in-

88 2638 339 2691 terroganti,
369 2640 621 2692 tertiamque
644 2652 867 2691 personam
891 2654 965 2691 pro
992 2637 1175 2677 secunda
1199 2643 1437 2692 usurpanti,
1461 2657 1551 2681 ora-

84 2695 196 2734 torie
225 2698 261 2735 τί
294 2692 482 2746 πράττειν
514 2692 617 2748 ἀνὴρ
649 2698 884 2745 διανοεῖται,
920 2709 995 2747 pto
1029 2698 1065 2736 τί
1094 2695 1280 2748 πράττειν
1311 2699 1471 2755 διανοῇ,
1518 2693 1554 2740 ὦ

87 2750 378 2805 Παρῤησιάὸης
416 2753 596 2792 mutavit
623 2765 866 2804 personam,
900 2760 945 2790 ut
976 2751 1282 2806 exprimeretur
1317 2752 1547 2794 admiratio
