1781 3174
555 190 618 220 IN
663 188 1187 220 NECYOMANTIAM.
1503 183 1602 230 373

134 288 326 345 guantia.
385 287 611 327 Pertinent
640 286 750 335 huo,
785 300 893 340 quae
916 286 1089 327 solanus
1108 297 1149 326 et
1174 287 1419 330 Wielandius
1443 293 1599 344 partim

134 347 395 400 tetigerunt,
427 359 462 383 e.
481 359 520 398 g.
545 353 735 396 satrapae
758 352 799 383 et
821 358 938 397 reges
959 343 1005 381 in
1028 345 1141 383 Orco
1164 345 1453 386 mendicantes
1468 379 1479 398 ,
1514 354 1598 389 cal-

134 411 349 441 ceamenta
373 410 628 439 consuentes
658 409 736 441 etc.
762 414 798 440 c,
823 405 888 442 17.
919 422 977 430 —-
1008 415 1130 454 quam
1161 399 1378 442 fictionem
1410 405 1511 443 satis
1543 407 1599 445 ri.

134 458 275 497 dicule
297 457 489 495 simulac
512 470 610 497 vere
631 456 723 509 ipse
747 465 896 495 auctor
926 455 1080 496 deinde
1103 454 1256 499 ἄτοπον
1274 458 1405 510 dicit,
1438 463 1505 504 καὶ
1537 480 1598 516 μι.

129 520 235 571 κροῦ
256 517 337 556 δεῖν
359 511 547 564 ἄπιστον,
588 513 762 552 sinistre
781 512 975 551 imitatus
1004 514 1183 552 Icarom.
1213 529 1248 554 c.
1271 517 1311 558 5.
1362 516 1430 556 Cf.
1452 518 1596 562 Somn.

129 587 163 611 s.
190 570 297 610 Gall.
320 585 354 610 c.
378 574 447 613 24.
491 594 549 600 —-
589 584 717 623 porro
752 568 906 622 populi
933 569 1086 608 scitum
1114 570 1356 610 umbrarum
1387 573 1432 611 in
1460 589 1595 629 regno

131 629 319 677 inferno,
354 626 455 664 alias
477 640 591 664 mere
620 625 893 664 monarchico
921 640 954 667 e.
982 631 1060 677 19„
1094 625 1247 667 deinde
1270 628 1458 669 Tiresias
1477 642 1595 672 vates

129 684 181 723 de
201 683 450 738 dignissima
469 683 584 721 vitae
614 682 783 721 ratione
814 686 1036 721 consultus
1054 697 1090 721 c.
1111 689 1180 726 21.
1213 695 1440 737 propterea
1469 689 1597 727 scili—

126 751 218 791 cet,
251 738 368 793 quod
386 749 428 778 et
448 739 622 791 Ulysses
645 738 899 792 Homericus
921 739 966 776 in
990 739 1146 778 Orcum
1168 740 1462 795 descenderat,
1496 759 1597 784 con-

126 800 285 836 saltum
321 795 372 834 de
407 796 565 833 futuris
593 796 694 833 fatis
722 796 823 833 suis.
885 795 954 835 Cf.
992 797 1042 835 de
1072 798 1232 836 Astrol.
1254 812 1288 837 c.
1312 803 1404 850 24.,
1436 811 1478 840 et
1497 802 1594 842 alia.

127 853 296 907 Quibus
322 851 428 891 adde
455 851 682 891 Cerberum
703 851 849 891 eodem
872 853 1076 905 temporis
1097 863 1315 893 momento
1339 855 1383 893 in
1416 857 1501 896 alio
1523 861 1596 898 lo-

126 924 200 960 co,
233 925 266 951 c,
292 913 374 958 10.,
407 917 455 946 ut
474 909 562 947 fere
582 908 781 947 Luciano
800 908 990 962 fingitur,
1022 908 1240 948 custodem
1265 910 1389 962 Orci,
1419 914 1464 952 in
1489 915 1591 965 alio,

125 982 159 1007 c,
186 970 276 1016 14.,
309 963 573 1013 carnificem,
608 963 657 1002 ad
678 979 864 1003 normam
891 965 1062 1017 quidem
1087 966 1252 1019 Catapl.
1277 981 1311 1008 c,
1335 974 1402 1013 28,
1418 999 1429 1016 ‚
1462 985 1592 1023 porro

125 1022 412 1070 Chimaeram,
445 1021 516 1059 cui
536 1035 676 1071 nune,
710 1036 742 1062 c,
767 1027 852 1071 13„
885 1021 1127 1076 adligantur
1150 1022 1355 1074 malefici,
1390 1036 1593 1080 tanquam

123 1079 226 1132 rupi
255 1081 322 1118 vel
343 1088 487 1116 rotae:
520 1092 658 1125 nunc,
692 1092 726 1117 c.
748 1082 836 1128 14,
871 1077 1137 1130 objiciuntur
1157 1079 1285 1118 iidem
1307 1079 1591 1135 dilacerandi,

123 1146 338 1189 tamquam
369 1143 563 1172 monstro
592 1134 765 1185 voraci,
805 1144 851 1172 ut
872 1135 1007 1174 Dian.
1027 1136 1182 1174 Mortt.
1205 1136 1346 1184 XXX,
1372 1144 1410 1181 1,
1469 1134 1593 1181 Praess

123 1202 237 1231 terea
258 1199 419 1229 attente
438 1192 550 1242 legas
579 1189 940 1244 philosophorum
970 1190 1301 1243 descriptionem
1330 1208 1366 1234 c.
1391 1200 1430 1239 4.
1457 1207 1499 1234 et
1520 1200 1560 1240 5.
1577 1229 1589 1248 ,

124 1257 410 1301 comparatam
442 1260 536 1284 cum
566 1246 745 1284 Icarom.
770 1262 802 1288 c.
824 1252 863 1290 4.
885 1256 927 1285 et
946 1250 1010 1296 5.,
1043 1247 1252 1300 imprimis
1283 1249 1388 1291 mire
1418 1250 1593 1292 affectass

124 1315 210 1343 tam
234 1306 348 1342 illam
371 1312 414 1341 et
442 1302 748 1340 inconcinnam
778 1303 936 1356 prioris
963 1303 1056 1356 'loci
1089 1304 1407 1357 gradationem:
1447 1311 1516 1351 καὶ
1544 1309 1590 1353 τὰ

122 1358 287 1402 πάντων
307 1362 447 1401 δεινῶν
470 1355 728 1400 ἀτοπώτατον
758 1358 1177 1413 (quomodocunque
1206 1360 1311 1400 haec
1337 1366 1475 1418 legas)
1507 1376 1588 1408 etc.

124 1427 167 1456 et
186 1416 407 1468 deinceps:
439 1417 494 1457 ἔτι
519 1415 560 1456 δὲ
584 1420 719 1472 πολλῷ
745 1422 863 1458 τοῦτο
889 1418 1050 1459 ἐκείνων
1082 1414 1349 1472 ἀτοπώτερον.
1409 1421 1476 1459 Ad
1504 1422 1591 1463 hoo

125 1487 320 1527 compara
354 1475 449 1510 loca
483 1471 534 1510 de
559 1470 851 1526 Sardanapalo
887 1483 929 1512 et
955 1472 1081 1512 Mida
1101 1473 1204 1513 Nec.
1229 1490 1264 1514 c.
1296 1481 1359 1519 18.
1382 1488 1424 1516 et
1449 1480 1585 1519 Diall.

121 1531 280 1570 Mortt.
301 1529 358 1567 II.
374 1559 386 1578 ,
432 1528 482 1568 de
502 1528 700 1567 Thersite
725 1539 766 1569 et
788 1529 923 1568 Nireo
948 1529 1054 1570 Nec.
1078 1544 1110 1572 c,
1133 1534 1194 1574 15.
1217 1540 1257 1570 et
1276 1533 1408 1576 Diall.
1425 1536 1585 1577 Effertt.

119 1587 259 1626 XXV.
276 1616 286 1632 ‚
321 1584 372 1625 de
396 1584 642 1638 Trophonii
672 1589 875 1639 spelunca
904 1595 946 1626 et
974 1589 1145 1625 oraculo
1169 1587 1273 1626 Nec.
1298 1588 1370 1628 fin.
1392 1600 1433 1629 et
1450 1592 1587 1633 Diall.

119 1644 277 1682 [Mortt.
292 1642 393 1694 III„
426 1642 477 1682 de
502 1641 695 1681 Mausoli
714 1642 939 1696 sepulchro
958 1642 1065 1682 Nec.
1087 1657 1122 1680 c.
1137 1649 1200 1687 17.
1225 1655 1267 1683 et
1285 1646 1586 1688 Dia11.Mortt.

119 1699 281 1739 XXIV.
299 1729 310 1747 ,
352 1698 403 1737 de
435 1698 608 1738 Socrate
641 1698 747 1739 Nec.
779 1714 813 1738 c.
836 1704 901 1743 18.
926 1710 967 1737 et
995 1698 1128 1740 Dian.
1150 1701 1304 1742 Ev‘lortt.
1337 1703 1436 1753 XX,
1459 1709 1499 1747 4.
1524 1718 1589 1758 sq.

118 1756 327 1809 Denique
348 1754 472 1806 vide,
505 1754 722 1807 quomodo
742 1758 939 1808 placeant
961 1755 1167 1809 imagines
1192 1758 1395 1808 quaedam
1416 1775 1468 1799 ex
1491 1761 1588 1812 ipso

118 1812 317 1852 Luciano
340 1810 573 1864 aliquando
595 1814 723 1858 lecto,
751 1825 837 1849 non
863 1811 1097 1860 intellecto,
1129 1813 1311 1865 petitae,
1343 1824 1391 1853 ut
1414 1818 1589 1856 Danaes

124 1883 159 1907 c.
181 1873 220 1911 2.
245 1869 301 1906 cf.
322 1868 494 1905 Timon.
523 1881 559 1906 c.
588 1873 654 1910 13.
678 1866 900 1905 coecitatis
921 1881 955 1904 e.
983 1873 1050 1910 21.
1074 1868 1129 1905 cs.
1155 1869 1281 1908 Char.
1302 1885 1338 1912 c,
1364 1876 1400 1913 1.
1422 1872 1511 1923 fin„
1546 1882 1590 1912 et

122 1938 252 1963 voces
277 1921 482 1977 quaedam
511 1937 558 1960 ac
584 1922 756 1975 phrases
776 1923 820 1960 in
854 1922 1001 1961 eodem
1028 1923 1116 1963 fere
1138 1939 1312 1966 numero
1344 1926 1590 1981 habendae,

121 1992 172 2020 ut
198 1978 339 2031 ἄνδρες
368 1984 590 2027 πολυτελεῖς
610 1994 643 2017 c.
672 1984 734 2022 13.
756 1980 812 2018 cf.
833 1978 928 2019 Jov.
950 1981 1075 2033 Trag.
1099 1994 1132 2018 c.
1158 1987 1196 2026 8.
1226 1993 1267 2020 et
1294 1988 1358 2026 11,
1390 1996 1432 2024 et
1464 1987 1591 2025 simi..

118 2038 225 2077 liter
255 2037 426 2075 Timon.
453 2040 595 2084 c.13-‚
637 2033 741 2076 κάτω
772 2033 1001 2083 νενευκότες
1032 2050 1065 2074 c.
1088 2042 1152 2080 12.
1178 2039 1233 2077 cf.
1266 2040 1414 2081 Somn.
1444 2057 1476 2083 s.
1501 2044 1589 2087 Vit,

123 2095 238 2134 Luc.
272 2097 396 2136 013-
429 2101 470 2131 et
505 2091 555 2130 de
583 2092 719 2131 lVIerC·
759 2091 897 2130 Cond·
925 2107 958 2131 c·
978 2097 1044 2135 23.
1084 2103 1401 2147 προςκυνεῖσθαι
1424 2101 1593 2153 περιμέ-

124 2166 263 2198 νοντες
285 2163 318 2187 e.
345 2154 409 2191 12.
433 2149 487 2187 cf.
504 2148 675 2203 Nigrin.
710 2162 745 2188 c.
772 2154 839 2190 21.
872 2145 1152 2203 ὑπουργητέον
1183 2154 1249 2192 καὶ
1268 2151 1393 2195 ταῦτά
1424 2171 1488 2196 σοι
1509 2166 1589 2199 etc.

129 2223 164 2247 c.
189 2213 230 2250 3.
250 2207 310 2245 in.
339 2206 394 2244 cf.
425 2205 549 2246 Char.
577 2219 611 2242 c.
637 2210 694 2253 2.,
729 2201 896 2256 οὐδεμία
914 2204 1068 2258 μηχανὴ
1091 2213 1166 2248 τοῦ
1185 2212 1397 2264 διαφυγεῖν
1418 2226 1452 2251 c.
1469 2218 1509 2255 2.
1534 2215 1590 2254 cf.

124 2263 238 2304 Pisc.
261 2277 295 2304 c.
320 2266 387 2312 4.‚
420 2271 462 2301 et
480 2264 611 2299 multa
634 2262 715 2298 alia
738 2276 759 2299 e
785 2261 985 2314 Nigrino,
1021 2262 1224 2314 Timone,
1259 2265 1471 2315 Charone,
1512 2270 1591 2308 Ca-

124 2323 266 2373 taplo,
299 2320 532 2366 Piscatore,
564 2317 767 2371 Dialogis
782 2319 1082 2369 Mor-tuorum,
1115 2330 1158 2360 et
1176 2321 1366 2371 aliunde,
1401 2328 1467 2363 vel
1491 2340 1592 2366 con-

125 2386 242 2425 suta,
274 2377 343 2414 vel
371 2374 546 2426 adsuta,
578 2372 712 2424 unde,
742 2383 954 2428 tamquam
977 2388 1030 2414 ex
1052 2391 1219 2432 ungue,
1254 2391 1486 2432 cognosces
1505 2385 1595 2424 leo..

125 2446 236 2472 nem.
266 2434 425 2472 Lnnm.

239 2554 344 2594 Ead.
365 2557 393 2594 l.
414 2557 455 2598 4.
480 2548 544 2597 ³52
561 2559 672 2609 χαῖρε
693 2555 802 2607 etc.)
841 2554 1075 2609 Euripides
1102 2557 1147 2596 in
1171 2560 1297 2603 Herc.
1317 2561 1414 2600 Fur.
1433 2577 1473 2603 v.
1497 2569 1592 2610 523,

132 2609 258 2666 Χαῖρ’
296 2606 327 2652 ὦ
352 2612 568 2666 μέλαθρον.
599 2612 745 2651 Bnon.
805 2612 902 2650 Hoc
941 2626 1065 2651 omne
1093 2616 1355 2669 principium
1390 2632 1441 2657 ex
1470 2621 1597 2661 Euri*

128 2668 221 2724 pide
248 2677 291 2706 et
314 2668 513 2719 Ηονηενο,
544 2678 593 2707 ut
626 2669 718 2720 ipsc
746 2669 809 2707 ait
837 2666 922 2708 fine
953 2668 1083 2722 hujus
1113 2674 1309 2728 paginae.
1370 2675 1511 2717 Jambi
1539 2691 1595 2717 ex

130 2723 311 2779 Euripid.
346 2724 538 2764 Hecuba.
573 2725 750 2766 Bonan.
