1781 3174
413 236 487 271 ιη
557 235 639 267 DE
711 234 1196 270 sAcnlelexxsu
1439 230 1538 275 497

71 338 242 393 Quibus
272 334 419 385 lectis,
454 331 490 373 si
519 333 615 388 quis
650 330 790 371 adhuc
822 333 1097 386 scripturam,
1141 347 1266 388 quam
1295 336 1537 391 sequimur,

71 396 307 436 sollicitare
329 391 454 442 velit,
486 391 673 429 rationes
703 387 884 429 libenter
901 388 1084 431 audiam.
1122 390 1277 446 Eurip-
1295 384 1407 436 ‘sz-
1437 392 1552 441 882-v

294 446 394 490 Τόδε
417 447 487 499 μὲν
507 441 642 488 οὐκέτι
660 444 853 499 στόματος
872 446 914 488 ἐν
933 445 1079 497 πύλαις

288 505 460 554 Καθὲξω
483 503 786 557 δυςεκπὲρατον.

69 563 244 617 leeogn.
257 566 359 605 421.

291 622 464 666 Πολλοῖς
480 613 715 672 ἀνθρώποις
734 613 893 675 γλώσσῃ
912 612 1039 671 θύραι
1058 614 1135 660 οὐκ
1153 617 1370 663 ἐπίκεινται

278 672 498 729 Ἀρμόδιαι.

67 733 140 772 De
169 731 265 771 aliis
298 731 495 770 formulis
529 745 571 770 v.
597 727 755 770 Gallim.
777 731 804 768 l.
834 744 868 768 c.
887 729 1054 784 Lampr.
1079 729 1122 768 in
1147 730 1354 773 Alexand.
1378 734 1472 775 Sev.
1495 744 1539 776 et

69 789 222 830 Elem-s.
255 787 424 826 SOLAN.
484 787 712 825 Inclamari
737 785 816 824 hac
835 786 1016 825 formula
1038 788 1243 839 profanos
1267 790 1397 841 ipsos.
1418 784 1509 831 ‘non
1525 824 1539 843 ‚

69 855 121 884 ut
145 844 332 883 Graevius
353 847 470 894 vult,
501 856 730 896 praecones
749 845 817 881 vel
837 842 1040 895 janitores
1063 857 1218 894 sacros,
1254 849 1317 884 vel
1338 847 1538 887 Pvledium

68 903 263 944 ἐπίθεσθε
285 899 433 939 docet:
465 902 667 953 opponite,
701 898 886 937 obstruite
902 899 1012 938 vobis
1033 898 1094 955 (h.
1120 913 1154 938 e.
1173 901 1345 941 auribus
1366 905 1539 955 vestris)

62 961 235 1012 januas,
267 956 294 999 i.
319 972 355 996 e.
377 956 593 995 occludite
625 969 744 993 aures
773 955 892 1007 quasi
919 956 1084 1009 januis,
1116 970 1202 1010 quo
1230 958 1394 1009 minus,
1431 974 1540 1014 quae

70 1014 144 1053 hic
177 1022 383 1067 agantur,
423 1011 632 1051 audiatis:
686 1010 842 1050 docent
874 1026 974 1051 vero
1005 1011 1118 1052 idem
1148 1013 1274 1052 etiam
1309 1016 1539 1057 clarissime

74 1069 216 1109 Galeni
237 1080 280 1107 et
300 1069 496 1120 Platonis,
530 1082 638 1122 quae
657 1067 828 1107 Solanus
849 1067 933 1106 huc
955 1068 1152 1117 contulit,
1173 1072 1282 1120 loca,
1314 1071 1360 1109 in
1382 1072 1539 1125 quibus

69 1132 155 1175 τοῖς
184 1122 283 1167 ὦσὶν
314 1124 618 1178 explicationis
647 1127 744 1163 loco
767 1122 1023 1163 addiderunt
1052 1134 1246 1164 auctores
1272 1127 1379 1180 ipsi:
1419 1129 1538 1183 Ergo

72 1186 218 1221 salvus
241 1191 409 1221 maneat
431 1181 669 1220 Vocativus
694 1182 866 1234 βέβηλοι.
926 1181 1116 1219 Dativus
1139 1181 1189 1219 ab
1223 1182 1278 1220 iis
1297 1184 1541 1236 profectuS,

73 1239 150 1292 qui
175 1239 354 1291 pariter,
389 1252 437 1276 ac
473 1237 681 1287 Graevius,
723 1235 856 1290 θύρας
879 1237 1054 1289 proprie
1083 1237 1299 1290 capientes
1330 1239 1380 1279 de
1411 1242 1557 1294 janua'

71 1295 246 1347 templi,
278 1297 360 1347 jam
381 1308 467 1332 non
488 1302 687 1346 possent,
721 1293 824 1348 quin
859 1292 1083 1331 absurdam
1113 1292 1318 1334 haberent
1337 1300 1545 1336 acclama-

71 1351 233 1390 tionem
250 1380 260 1398 ‚
295 1350 345 1388 ad
370 1350 573 1404 profanos
594 1349 765 1388 factam.
798 1350 956 1390 LEIIM.

144 1435 147 1438 »
187 1406 287 1459 Pag.
309 1411 378 1450 88.
399 1408 427 1444 1.
448 1410 487 1448 7-
512 1403 635 1446 Ἐτῶν
656 1408 841 1459 μυρίων)
872 1405 1003 1445 Ridet
1029 1403 1101 1444 hic
1125 1405 1438 1460 Aegyptiorum
1468 1422 1546 1447 va·-

72 1463 278 1513 nitatem,
312 1461 495 1516 quisuis
519 1461 678 1500 fabulis
708 1471 867 1500 tantam
898 1461 1197 1516 antiquitatem
1229 1472 1544 1516 praetexerent,

75 1533 256 1573 eamque
287 1519 374 1557 suis
407 1517 750 1572 hieroglyphicis
790 1519 989 1571 scriptam
1014 1527 1284 1559 testarentur.
1344 1520 1490 1559 Solide
1523 1536 1546 1559 a

74 1576 183 1617 viris
206 1574 466 1614 doctissimis
488 1584 629 1613 nostra
651 1584 692 1613 et
712 1585 878 1628 patrum
901 1574 1102 1613 memoria
1127 1576 1378 1627 praestitum
1403 1586 1465 1614 est
1487 1576 1548 1629 id,

79 1631 194 1691 quod
217 1632 423 1672 Lucienus
445 1645 523 1684 pro
548 1644 661 1670 more
679 1645 755 1670 suo
772 1663 781 1680 ‚
816 1632 902 1669 risu
926 1640 1089 1669 tantum
1111 1632 1293 1684 excepit.
1329 1633 1497 1673 SOLAN.

190 1687 292 1728 Ead.
323 1690 349 1728 l.
377 1692 417 1731 8.
463 1684 719 1736 Κόπτονται)
766 1686 987 1729 Τύπτονται
1011 1687 1163 1738 passim
1193 1687 1242 1725 de
1273 1687 1352 1726 hac
1381 1688 1474 1740 ipsa
1503 1703 1549 1728 re

75 1745 328 1794 Herodotus,
361 1743 405 1781 id
426 1753 512 1787 est,
545 1753 717 1795 pectora
740 1743 889 1795 palmis
910 1742 1180 1796 percutiunt:
1214 1758 1291 1783 nec
1308 1743 1420 1783 enim
1441 1754 1549 1798 puto

77 1801 256 1855 flagellis
278 1814 404 1849 usos,
437 1799 592 1852 quibus
616 1798 738 1854 digni
769 1809 901 1839 erant.
937 1800 1074 1838 GsssN.
1137 1800 1196 1837 Et
1225 1800 1431 1839 Luc-ianus
1461 1801 1551 1840 fere

75 1857 210 1897 verbo
238 1855 459 1897 τύπτεσθαι
488 1856 645 1894 utitur:
683 1856 848 1908 στέρνον
876 1853 1097 1896 τύπτεσθαι
1125 1853 1328 1894 dicuntur
1354 1859 1551 1910 lugentes

79 1915 151 1953 De
168 1914 298 1952 Luct.
326 1926 359 1954 c,
383 1917 448 1954 12.
471 1920 513 1949 et
535 1912 670 1953 Diall.
699 1913 897 1953 Meretrr.
918 1912 1007 1957 IX,
1030 1916 1067 1954 2.
1102 1920 1142 1949 et
1164 1911 1252 1964 ipsa
1277 1911 1381 1951 haec
1411 1915 1551 1951 luctus

82 1967 346 2023 significatio
379 1969 641 2019 στερνοτυπία
670 1969 739 2006 De
756 1969 884 2007 Luct.
922 1982 956 2007 c.
984 1972 1047 2011 19.
1111 1967 1190 2006 Sed
1225 1968 1393 2006 variant
1423 1969 1551 2007 etiam

82 2036 273 2073 veteres,
305 2034 346 2063 et
375 2022 536 2062 incides
557 2023 714 2076 passim
745 2024 791 2062 in
823 2029 1038 2078 πλαταγεῖν
1065 2021 1113 2064 τὰ
1141 2020 1310 2075 στήθεα,
1351 2027 1484 2066 παίειν
1509 2021 1554 2066 τὸ

84 2083 271 2131 στέρνον,
304 2094 381 2119 nec
401 2094 487 2118 non
510 2078 733 2121 κόπτεσθαιι
756 2091 963 2133 usurpant
993 2079 1163 2133 probati
1196 2081 1448 2134 scriptores,
1477 2080 1556 2118 ubi

85 2149 235 2192 pectus
259 2139 413 2174 volunt
435 2150 456 2174 a
479 2136 723 2176 lugentibus
747 2137 912 2187 percuti
933 2136 1082 2189 palmis
1107 2137 1333 2190 pugnisve.
1378 2138 1556 2175 Succur-

86 2195 145 2233 rit
166 2196 286 2231 locus
310 2207 364 2231 ex
393 2191 487 2245 ipso
506 2191 714 2231 Herodoto
736 2192 819 2240 VI,
849 2196 915 2236 58.
948 2192 1048 2241 ubi,
1082 2193 1172 2231 sive
1203 2190 1251 2233 ro}
1274 2193 1433 2245 μέτωπα
1460 2207 1555 2232 cum

88 2249 280 2303 Sclzc'ffero
311 2248 482 2287 omittas
501 2280 510 2297 ‚
545 2248 634 2288 sive
663 2262 756 2287 cum
785 2248 1146 2301 Sclnvciglzacusero
1183 2247 1332 2298 addas,
1352 2259 1476 2288 certe
1506 2248 1558 2287 de

73 2305 281 2363 flagellis,
314 2317 421 2357 quae
449 2303 636 2343 Ges-merus
666 2304 791 2343 modo
821 2304 1195 2354 commemorabat,
1228 2305 1408 2358 cogitari
1435 2307 1557 2344 nullo

88 2361 217 2401 modo
241 2370 396 2414 potest.
430 2359 525 2400 vid.
547 2360 718 2400 Dor-vill.
742 2360 794 2399 ad
820 2360 966 2401 Clzarit.
992 2375 1029 2414 p.
1051 2366 1145 2404 411.
1169 2359 1220 2399 ed
1243 2361 1366 2414 Lips.
1409 2361 1452 2399 Si
1473 2375 1560 2399 rec-

91 2427 134 2457 te
156 2417 356 2466 memini,
390 2418 517 2455 etiam
539 2419 804 2468 στερνοκοπία
834 2431 909 2470 pro
934 2421 1218 2467 στερνοτυπία,
1251 2420 1317 2455 vel
1349 2431 1563 2471 στερνοκο-

91 2479 278 2523 attineat,
310 2473 454 2512 nescio
479 2472 578 2521 ubi,
614 2472 810 2511 occurrit.
872 2473 970 2512 Sive
993 2487 1092 2528 ergo
1110 2473 1151 2510 h.
1175 2475 1203 2511 1.
1230 2471 1416 2512 Gesnerus
1441 2472 1562 2511 verbi

92 2527 314 2572 κόπτεσθαι
332 2543 454 2567 usum
477 2538 525 2568 ut
546 2529 739 2581 ineptum
768 2538 939 2574 taxare.
972 2530 1062 2569 sivo
1096 2527 1433 2569 emendationem
1464 2538 1565 2568 ten-

93 2596 206 2635 tare,
247 2585 455 2635 voluerit,
487 2607 545 2616 -—-
576 2599 756 2638 quorum
791 2594 929 2624 utrum
963 2585 1170 2638 placuerit
1204 2584 1310 2638 ipsi,
1344 2599 1431 2625 non
1460 2585 1564 2624 satis

97 2645 251 2682 clarum
276 2651 340 2679 est
369 2664 426 2671 —-
455 2650 652 2680 neutrum
672 2639 867 2694 equidem
891 2641 1093 2693 probabo.
1127 2640 1286 2680 me.

213 2697 314 2738 Ead.
338 2699 364 2735 l.
393 2702 457 2740 11.
492 2692 664 2750 Κόμην)
693 2698 860 2736 Luctus
887 2696 1096 2735 indicium
1122 2711 1239 2735 coma
1265 2695 1477 2750 barbaque
1499 2712 1567 2737 ra-

102 2769 143 2793 sa
183 2754 270 2792 fuit
299 2763 383 2791 tam
412 2752 526 2806 apud
557 2753 776 2802 Gentiles,
830 2766 952 2806 quam
986 2753 1072 2792 Dei
1114 2755 1334 2806 populum.
1394 2754 1567 2794 Vens-r.

152 2823 298 2852 Lat-iun.
327 2820 408 2851 Vol.
438 2822 503 2849 ΙΙΙ.
1242 2819 1262 2847 L
1282 2824 1293 2846 1
