1781 3174
195 224 296 273 564
554 230 1310 265 ADNOTATIONES

309 333 414 379 Ibid.
449 333 711 389 Προςθεῖσα)
738 330 891 371 Albam
920 331 1098 372 scilicet.
1158 331 1278 372 Haec
1310 330 1363 372 ad
1399 331 1581 373 fabulam
1611 333 1662 373 de

196 393 363 450 judicio
393 392 559 433 Orestis
589 397 800 442 spectant,
830 389 898 426 cui
924 387 1184 441 periclitanti
1217 389 1429 428 auxilium
1454 391 1556 429 tulit
1576 392 1663 429 Mi-

196 463 351 492 nerva:
382 462 458 488 suo
489 447 602 487 enim
635 446 754 485 illum
788 444 992 499 suffragio
1022 444 1233 485 liberavit.
1265 446 1412 484 Bnon.
1477 445 1575 486 Vid.
1599 457 1665 486 et-

199 508 282 546 iam
303 507 510 545 Harmon.
537 517 570 545 c.
594 508 634 547 3.
656 511 698 541 et
725 501 819 541 Eur.
845 500 939 554 Iph.
963 500 1007 537 in
1038 502 1167 542 Taur.
1191 505 1313 545 1469.
1348 504 1518 542 SOLAK.
1579 508 1665 544 Σῶ-

199 564 264 616 ζε]
297 562 376 600 Uti
412 560 605 599 Orestem
633 558 755 598 olim:
789 560 931 610 plures
969 556 1081 596 enim
1118 557 1167 596 de
1197 558 1347 598 Oreste
1383 559 1508 604 haec,
1544 574 1665 612 quam

199 620 253 660 de
271 617 576 662 Themistocle,
596 615 800 653 referunt.
831 616 953 652 locus
974 613 1171 666 princeps
1197 624 1259 653 est
1276 615 1462 670 Aeschyl.
1486 616 1664 657 Eumen.

198 690 241 717 v.
267 678 364 719 738.
391 687 455 726 sq.
485 671 537 710 ad
571 685 695 725 quem
723 668 812 709 vid.
846 668 1056 723 Stanlejus.
1110 669 1216 709 adde
1250 671 1414 712 Barnes.
1447 671 1501 711 ad
1528 672 1663 726 Eur-ip.

196 746 239 787 Ρ.
262 736 358 775 106.
380 731 432 769 Τ.
451 728 512 768 ΙΙ.
534 726 620 780 (ed.
643 727 767 780 Lips.
786 727 838 765 T.
860 726 894 767 Ι.
914 740 953 779 p.
974 727 1093 778 603.)
1142 726 1273 769 SnYB.

309 807 414 850 ΕαιΖ.
434 810 463 847 1.
488 812 552 852 13.
591 803 717 859 Εἶεν)
748 803 815 843 Ad
837 803 1056 858 superiora
1080 804 1207 844 etiam
1231 805 1305 845 hic
1327 816 1568 860 respectum
1586 807 1667 846 ha-

196 866 290 918 bet,
320 869 398 906 sint
426 865 530 903 ista!
568 878 604 918 q.
630 861 670 902 d.
700 862 803 901 satis
835 860 886 900 de
913 860 1007 902 his:
1039 861 1143 900 satis
1173 871 1431 905 cunctatum.
1491 862 1590 904 vid.
1615 863 1666 903 ad

196 924 337 978 princ.
365 920 527 974 dialogi
548 917 750 973 proximi.
793 918 931 957 Gnsx.

313 988 420 1029 Ibid.
463 984 608 1041 Ἵήιεῖς
646 986 717 1038 μὲν
756 981 874 1038 ὑμῖν)
911 982 1057 1040 ‘Hyele
1092 985 1164 1037 μὲν
1193 981 1289 1039 ὗμῒν
1327 983 1406 1040 ἤδη
1437 985 1664 1040 καθήμεθα.

197 1048 410 1088 MAnch.
470 1041 658 1084 Marcilii
679 1045 966 1095 conjecturam
997 1042 1156 1096 probo,
1189 1042 1261 1081 sed
1289 1042 1496 1082 Codicum
1520 1054 1669 1083 aucto-

198 1104 326 1143 ritate
356 1099 573 1140 suffultam
603 1101 769 1143 vellem,
810 1099 977 1140 SOLAN.
1039 1099 1142 1138 Non
1174 1098 1327 1152 probat
1360 1100 1397 1140 J.
1433 1100 1588 1152 Seager.
1623 1101 1666 1138 in

197 1157 377 1199 Classic.
398 1157 549 1198 Journ.
573 1155 715 1194 XVII.
742 1159 919 1210 &1314-
946 1170 987 1210 p.
1014 1160 1108 1198 161.
1128 1164 1169 1194 et
1203 1156 1389 1194 conferri
1425 1151 1545 1209 jubet
1577 1157 1667 1196 λέ-

198 1215 317 1269 noph.
337 1212 472 1252 Anab.
493 1213 537 1262 Ῑ,
564 1217 638 1261 10,
661 1217 698 1255 7.
719 1209 791 1252 Ἐν
813 1211 843 1268 ᾧ
869 1213 909 1252 δὲ
931 1217 1053 1253 ταῦτα
1075 1209 1355 1265 ἐβουλεύοντο,
1388 1213 1474 1254 καὶ
1504 1211 1560 1265 δὴ
1591 1217 1668 1267 βα·-

198 1269 353 1319 σιλεύς,
385 1265 748 1321 παραμειψάμενος
766 1276 845 1306 ete.
870 1267 1018 1322 ibique
1040 1268 1255 1307 Hutclzins.
1276 1277 1317 1306 et
1342 1270 1466 1322 Toup.
1492 1269 1544 1308 ac]
1557 1270 1669 1309 Lon-
1732 1322 1733 1325 Ἴ

193 1330 280 1381 gin.
312 1335 413 1366 sect.
439 1325 558 1363 XVI.
604 1326 686 1366 Καὶ
718 1321 767 1375 δὴ
795 1323 982 1373 scilicet,
1016 1334 1217 1363 monente
1249 1325 1469 1377 Hesyclzio,
1501 1336 1564 1366 est
1588 1341 1665 1378 pro

195 1383 301 1436 ἤδη,
331 1396 419 1420 non
443 1390 580 1422 tamen
614 1394 691 1433 pro
713 1379 901 1432 simplici
931 1379 1032 1432 ἤδη,
1065 1379 1137 1418 sed
1169 1383 1318 1419 vellem
1357 1381 1665 1420 Grammaticus

197 1438 457 1478 addidisset:
502 1436 576 1475 ubi
608 1439 688 1490 jam
715 1434 880 1488 aliquid
910 1435 1027 1475 aliud
1058 1436 1216 1474 factum
1249 1436 1298 1475 ab
1330 1436 1476 1476 eodem
1505 1437 1663 1476 dictum

197 1496 352 1544 fuerat,
388 1507 472 1547 quo
497 1493 565 1534 καὶ
584 1500 759 1545 spectat.
819 1490 881 1530 Ut
901 1491 943 1531 h.
965 1495 995 1530 1.
1022 1492 1148 1531 modo
1172 1492 1338 1531 dixerat
1358 1492 1664 1547 Philosophia:

184 1549 279 1606 ’Ἁγε
313 1550 384 1603 δὴ,
426 1548 628 1603 πάρεσμεν
654 1545 729 1603 γὰρ
760 1548 860 1589 ἔνθα
890 1551 1018 1604 ἐχρῆν.
1088 1548 1218 1586 Nunc
1254 1547 1383 1587 dicit:
1430 1550 1522 1589 Jam
1551 1554 1664 1589 etiam

196 1607 296 1662 (καὶ
322 1605 398 1661 δὴ)
427 1605 600 1645 sedemus
622 1605 733 1643 vobis
758 1614 934 1658 paratae.
994 1607 1064 1644 De
1092 1604 1313 1658 particulis
1339 1606 1408 1646 καὶ
1434 1605 1483 1659 δὴ
1509 1618 1606 1659 post
1630 1626 1668 1649 τε

196 1663 350 1718 positis
373 1660 593 1701 adeundus
618 1660 857 1700 Stallbaum.
877 1661 928 1699 ad
951 1660 1107 1701 Platon.
1128 1660 1293 1702 Phileb.
1318 1677 1358 1715 p.
1380 1665 1475 1706 205.
1505 1664 1664 1704 LEIIM.

310 1739 416 1780 Εατῖ.
448 1742 477 1780 l.
501 1742 566 1784 15.
604 1736 748 1787 ‘'Ogug·
776 1736 919 1793 ἄριστα
951 1737 1250 1795 κατηγορῆσαι)
1280 1741 1470 1781 Praestat
1499 1757 1667 1797 quoque

197 1811 253 1837 ex
277 1797 425 1837 eodem
447 1795 560 1835 libro
584 1795 737 1835 scribi:
761 1793 865 1845 ὅςτις
886 1795 1027 1851 ἄριστα
1047 1793 1340 1851 κατηγορήσειν
1363 1801 1498 1848 δοκεῖ,
1513 1801 1581 1852 qui
1599 1802 1666 1838 vi—

196 1854 309 1893 detur
328 1855 470 1907 optime
487 1863 766 1904 accusaturus;
797 1855 988 1905 quamvis
1002 1857 1173 1907 vulgata
1195 1853 1334 1906 possit
1347 1853 1461 1893 ferri.
1487 1855 1663 1893 GRAnv.

196 1907 500 1964 Κατηγορήσειν
520 1923 573 1948 ex
592 1909 680 1948 Ms.
704 1908 776 1949 Gr.
802 1918 844 1947 et
863 1910 918 1950 L.
941 1911 1210 1963 arripuimus,
1257 1909 1369 1949 Edd.
1393 1917 1666 1966 κατηγορῆσαι

194 1965 259 2008 ἄν.
291 1965 465 2007 Somm.
527 1968 846 2019 Κατηγορῆσαι)
877 1966 1030 2005 Voluit
1052 1965 1224 2006 Solanus
1246 1965 1329 2005 hoc
1361 1966 1405 2004 in
1430 1976 1552 2006 textu
1571 1983 1662 2007 mu-

195 2032 299 2062 tare.
357 2022 515 2062 Verum
541 2021 642 2076 quia
664 2024 837 2075 vulgata
872 2036 915 2062 se
936 2032 1078 2076 potest
1108 2022 1245 2072 tueri,
1279 2022 1318 2061 ei
1346 2037 1430 2062 non
1462 2022 1664 2064 obsecun-

196 2078 415 2128 davimus,
448 2076 521 2117 sed
543 2080 742 2130 majorem
771 2076 879 2118 Edd.
899 2087 940 2118 et
967 2080 1078 2120 Mss.
1101 2093 1317 2118 numerum
1348 2080 1559 2131 potiorem
1581 2080 1660 2119 ha-

194 2134 382 2175 buimus.
467 2134 629 2173 Aorist.
670 2133 782 2172 enim
814 2134 937 2174 infin.
972 2150 1065 2174 cum
1096 2136 1244 2174 futuro
1281 2136 1539 2186 permutatio
1575 2146 1658 2176 tam

194 2200 259 2230 est
285 2191 508 2244 frequens,
542 2189 668 2229 etiam
689 2189 800 2242 apud
823 2191 950 2240 alios,
985 2201 1033 2229 ut
1055 2191 1237 2230 aoristus
1260 2190 1331 2229 hic
1349 2191 1532 2230 vitiosus
1551 2207 1660 2245 pro—

193 2247 388 2285 nuntiari
408 2255 603 2299 nequeat.
662 2245 745 2286 Sed
768 2245 985 2287 adsentior
1004 2248 1173 2296 Hor-reo,
1207 2248 1282 2300 qui
1304 2247 1347 2285 in
1370 2246 1534 2287 observ.
1549 2249 1655 2290 Crit.

193 2302 240 2340 in
262 2302 458 2343 Herode-t.
484 2303 516 2341 Ι.
539 2302 616 2343 ΙΧ.
638 2317 681 2355 p.
700 2305 740 2346 5.
758 2299 829 2344 Ἐν
846 2302 929 2359 νόῳ
949 2306 1092 2356 ἔχουσα
1111 2307 1299 2345 τίσασθαι
1320 2302 1388 2345 τὸν
1404 2302 1653 2354 Κανδαύλεα,

194 2372 246 2397 ex
266 2372 354 2397 uno
376 2360 461 2397 isse.
486 2359 530 2396 in
553 2361 734 2400 τίσεσθαι
756 2373 843 2399 non
867 2360 1115 2399 mutandum
1149 2370 1309 2410 censet,
1342 2359 1456 2411 quod
1486 2359 1652 2403 Gronov.

192 2414 350 2452 frustra
373 2414 661 2464 existimarat,
694 2429 789 2454 cum
809 2418 956 2455 aoristi
977 2419 1216 2470 exemplum
1238 2417 1325 2467 ipse
1349 2414 1516 2458 Gronov,
1539 2416 1655 2457 adfe-

189 2478 255 2507 rat
285 2468 459 2510 ibidem.
518 2469 639 2509 Addo
668 2473 833 2510 Homer.
858 2473 909 2513 Il.
937 2479 991 2523 A,
1030 2479 1124 2517 161-
1154 2494 1211 2503 ··-
1240 2471 1392 2527 μεγάλῳ
1423 2471 1649 2523 ἆπέτισσᾱν,

189 2541 331 2578 magno
352 2525 466 2567 luent.
526 2525 616 2565 Ubi
642 2536 755 2566 recte
781 2528 915 2570 schol.
938 2529 1145 2583 exponit:
1179 2523 1453 2569 ἀποτίσουσιν.
1495 2527 1652 2572 ἀποδώ-

190 2594 306 2621 σουσι
335 2605 391 2612 —-·
422 2582 488 2623 καὶ
509 2580 694 2635 ἀόριστος
712 2586 848 2636 χρείαν
869 2587 1028 2640 παρέχει
1049 2590 1122 2626 τοῦ
1143 2586 1358 2638 μέλλοντος.
1418 2585 1554 2626 Immo
1573 2600 1649 2626 no-

189 2645 274 2675 ster
293 2636 465 2676 Luciam.
498 2639 635 2679 Deor.
656 2640 794 2679 Dian.
813 2642 905 2684 XV,
938 2645 1008 2680 vel
1036 2641 1232 2695 sequenti
1264 2642 1411 2681 futuro
1446 2643 1645 2682 aoristum

187 2693 445 2745 praemittit,
479 2692 623 2733 dicens
641 2695 1017 2751 ἐπιμηχανήσασθαι
1048 2721 1094 2727 --
1127 2698 1194 2738 καὶ
1214 2696 1501 2749 συλλήψεσθαι,
1528 2698 1644 2752 quod

189 2749 285 2789 clar.
306 2747 409 2789 Jens.
432 2758 572 2793 tamen
595 2751 641 2791 in
662 2750 1117 2815 -ήσεσθαιμιιιῑειωω
1140 2752 1295 2807 voluit,
1320 2753 1449 2809 idque
1471 2755 1643 2795 mollius
