1781 3174
276 181 377 244 430
631 199 1388 237 ADNOTA'rloNEs

274 307 400 348 Maro
422 312 501 345 etc.
561 302 641 340 Est
673 299 787 340 enim
806 293 1182 355 nevamopmffigsspes
1208 301 1358 351 ἱστίου,
1388 309 1442 339 ut·
1459 295 1555 353 εὐνὴ
1577 292 1728 341 ancora

277 364 448 402 dicitur.
477 355 862 411 Ancorafunclabat
883 371 1012 396 naves.
1044 356 1095 398 G.
1123 378 1181 388 —-
1209 357 1276 395 Ita
1298 356 1521 409 descripsit
1535 357 1729 397 solanus:

274 423 316 459 la
337 417 527 472 Pogogia
562 428 708 452 vocem
739 413 930 450 Italicam
959 412 1112 460 credog
1137 412 1193 452 'de
1215 427 1296 467 qua
1324 423 1462 452 tamen
1491 412 1601 452 nihil
1623 412 1729 452 mihi

275 483 452 514 constat.
513 471 565 510 L.
591 469 730 523 Bayfio
747 483 833 506 non
855 467 1066 507 latuit-hic
1085 472 1205 508 locus
1228 469 1278 509 de
1297 471 1351 508 R.
1375 469 1430 509 N.
1451 484 1546 524 pag.
1562 474 1656 514 619.
1679 469 1729 510 Β.

275 530 453 571 eundem
485 525 684 566 adhibuit
704 524 783 563 'La
805 523 929 563 Corda
965 524 1016 580 ad
1048 525 1202 578 Virgil..
1221 526 1325 566 Aen.
1349 527 1402 576 V,
1429 531 1525 570 830.
1559 528 1729 574 multos,

276 588 349 641 qui
375 586 424 624 de
447 582 629 637 pedibus
650 581 735 625 veli
759 581 1029 634 scripserint,
1061 596 1300 625 recensens:
1333 582 1473 622 verior
1493 592 1631 621 tamen
1648 585 1727 631 est,

275 657 399 696 quam
425 644 535 692 ejus,
568 636 742 679 Brodaei
769 637 978 676 sententia
1006 635 1057 674 ad
1086 638 1263 678 Anthol.
1289 639 1345 680 II.
1364 652 1406 691 p.
1433 643 1526 682 208,
1557 636 1731 680 Ποδωτά

270 704 360 740 λῖνα
380 696 637 752 Lycophroni
657 696 847 737 v.⁷1015.
874 692 947 730 ubi
980 692 1099 743 vide,
1133 696 1168 732 si
1200 695 1309 732 tanti
1331 703 1416 743 est,
1449 695 1668 734 Meursium
1690 702 1734 732 et

270 756 482 795 Potterum.
513 752 706 790 Hssmsw.
753 748 936 788 Achilles
958 748 1192 789 Statius-‘ad
1225 751 1373 790 Catulli
1403 749 1626 789 Phaselum
1656 749 1732 788 ad-

264 811 461 860 notavit,
492 806 727 846 Lusitanos
748 808 787 843 la
809 806 910 856 Poja
928 819 1077 845 vocare
1096 805 1245 858 pedem
1262 807 1360 846 veli.
1408 806 1504 844 Hoc
1523 816 1580 845 ex‘
1597 808 1730 844 altero

271 874 548 906 contractum,
599 863 721 901 Imm
753 863 795 899 in
824 861 1048 900 Addendis.
1110 863 1176 900 ·In
1207 861 1556 902 antecedentibus
1586 863 1732 917 πλαγίᾳ

270 926 378 962 male
402 921 452 960 ab
475 917 780 971 interpretibus
799 917 973 955 Latinis
995 917 1047 955 ad
1069 921 1117 974 τῇ
1138 915 1267 975 ὀθόνῃ
1285 921 1460 956 relatum
1481 927 1609 971 puto,
1642 931 1732 958 ver.

267 975 480 1027 tentibus,
509 978 552 1015 in
582 975 783 1028 obliquum
809 972 947 1011 velum.
1010 974 1094 1012 Aut
1114 974 1224 1012 enim
1252 983 1401 1013 ventus
1424 974 1515 1028 ipse
1539 973 1624 1013 dici
1653 973 1733 1012 de-

269 1034 398 1074 bebat
419 1028 620 1086 obliquus
640 1042 689 1069 ut
707 1027 846 1078 Ἰάπυξ
865 1027 1034 1084 πλάγιος
1052 1029 1185 1069 Dian,
1202 1031 1356 1071 Mortt.
1381 1028 1465 1078 XI,v
1487 1035 1526 1073 2.
1548 1039 1621 1068 aut
1637 1034 1733 1071 πλα-

269 1095 336 1147 γίᾳ
358 1088 656 1129 adverbialiter
676 1085 939 1135 sumendum,
956 1095 1003 1124 ut
1025 1084 1253 1138 subaudias
1269 1091 1430 1142 γραμμῇ
1447 1100 1477 1125 s.
1497 1083 1601 1144 (3693,-
1615 1085 1731 1141 quod

240 1191 242 1193 ,
269 1147 363 1187 fieri
383 1159 505 1199 posse
526 1144 763 1183 docuerunt
784 1142 839 1192 ii,
873 1143 948 1195 qui
971 1140 1022 1181 de
1044 1142 1283 1193 Ellipsibus
1303 1153 1610 1195 exposuerunt.
1658 1141 1732 1183 Sic

268 1201 296 1257 ἡ
321 1199 426 1258 ὀρθὴ
448 1202 499 1240 de
522 1199 645 1240 navis
672 1212 798 1238 cursu
822 1198 866 1235 in
889 1198 1050 1253 Navig.
1071 1212 1106 1238 e.
1128 1203 1167 1242 9.
1190 1198 1385 1238 occurrit.
1431 1199 1590 1239 Luam.

381 1313 492 1354 Ead.
519 1314 547 1351 l.
570 1318 635 1357 13.
678 1302 788 1361 ζΤοῦς
811 1305 988 1358 Ἀλωὲως
1020 1311 1158 1363 υἱέας)
1197 1311 1360 1350 Homer.
1392 1310 1544 1363 Odyss.
1571 1317 1624 1353 A.
1660 1311 1728 1361 (v.

266 1376 363 1418 304.
382 1371 474 1424 sq.)
504 1369 648 1410 BnoD.
707 1366 816 1406 Vide
846 1368 899 1405 D.
934 1366 1143 1406 Hoeschel.
1173 1367 1224 1405 ad
1260 1367 1500 1419 Origensin·
1523 1368 1727 1409 Cels.1V.

260 1442 310 1483 p.
334 1432 428 1472 174.
453 1426 526 1479 qui
547 1426 686 1464 utitur
705 1423 788 1462 hoc
808 1425 918 1464 loco.
980 1422 1128 1461 Celsus
1150 1422 1212 1460 ibi
1233 1436 1435 1476 perquam
1456 1422 1639 1462 ridicule
1665 1422 1729 1461 di-

268 1486 384 1524 citur
405 1482 690 1531 existimasse,
722 1480 913 1527 Mosem,
945 1493 1039 1517 cum
1071 1479 1200 1518 turris
1230 1480 1282 1518 ad
1304 1473 1730 1519 coelum'educendae

260 1540 490 1580 ‘historiam
530 1536 795 1590 exponebat,
837 1537 1177 1589 παραφθείραντα
1209 1534 1258 1577 τὰ
1291 1536 1381 1588 περὶ
1414 1532 1731 1588 τῶνἉλωαδῶν

265 1593 529 1651 ἱστορούμενα
548 1598 710 1635 τοιαῦτα
732 1592 824 1645 περὶ
850 1597 923 1633 τοῦ
941 1589 1099 1646 πύργου
1119 1590 1438 1647 ἆναγεγραφέναι
1452 1605 1464 1615 ·
1495 1592 1730 1630 calumniae

268 1650 628 1707 depulsiofacilis
643 1664 702 1688 ex
724 1658 960 1701 temporum
980 1648 1168 1686 ratione:
1201 1645 1272 1688 sed
1294 1647 1409 1700 quod
1434 1643 1617 1701 Origenes
1637 1647 1729 1700 opi-

263 1719 394 1748 natur
425 1706 638 1755 neminem
671 1703 719 1746 τά
751 1706 843 1758 περὶ
871 1708 950 1745 τῶν
977 1701 1155 1751 Ἀλωέως
1183 1703 1261 1757 πρὸ
1286 1697 1496 1757 ’Ὀμήρου1
1515 1705 1727 1757 εἰρηκέναι,
1780 1707 1781 1710 ’

262 1764 514 1817 :neutiquam
538 1761 818 1814 probaverim.
879 1760 991 1799 Ante
1017 1760 1186 1799 Celsum
1219 1769 1355 1799 autem
1380 1763 1462 1813 jam
1486 1758 1562 1799 diu
1580 1760 1730 1799 homi*-

261 1834 338 1861 nes
358 1819 575 1859 exstitisse
606 1817 780 1870 impios,
816 1825 858 1855 et
879 1815 930 1855 de
952 1829 1127 1855 numero
1151 1814 1320 1869 quidem
1333 1815 1620 1864 judaeorum,
1653 1816 1729 1868 qui

257 1875 531 1917 narrationes
549 1874 706 1913 'Mosis
730 1872 787 1911 de
819 1881 978 1911 structa
1007 1872 1136 1918 turri,
1171 1870 1350 1911 Homeri
1379 1870 1430 1910 de
1464 1871 1729 1926 exaggeratis

264 1933 317 1973 ad
350 1935 515 1972 coelum
541 1929 759 1969 montibus
787 1943 881 1967 eum
907 1929 952 1966 in
984 1927 1108 1967 finem
1132 1929 1244 1968 inter
1275 1943 1318 1967 se
1339 1927 1650 1980 comPararint‚¹
1679 1936 1729 1965 ut

262 2003 342 2043 pro
365 1987 524 2027 fabulis
546 1995 741 2040 utrasque
774 1998 985 2038 peraeque
1015 1984 1229 2023 habendas
1251 1998 1339 2024 esse
1361 1984 1627 2033 evincerent,
1661 1996 1729 2023 os..

263 2045 406 2085 tendit
437 2043 555 2084 Philo
587 2041 679 2080 Jucl.
715 2043 816 2096 Περὶ
841 2045 960 2094 Συγχ.
991 2045 1106 2082 Azoni..
1139 2055 1180 2094 p.
1205 2045 1300 2084 320.
1335 2040 1384 2081 C.
1444 2037 1520 2088 Εἷς
1549 2041 1619 2095 μὲν
1651 2033 1727 2081 οὖν

263 2104 367 2145 ἔστιν
389 2098 574 2155 (μῦθος)
604 2095 625 2140 ὁ
647 2098 785 2146 ἐοικώς
813 2101 870 2154 τῷ
895 2099 1122 2139 συντεθέντι
1145 2099 1207 2139 ἐπὶ
1232 2101 1312 2137 ταῖν
1334 2091 1568 2147 Ἀ’λωαδαῖν,
1593 2095 1673 2145 ὀὓς
1704 2092 1727 2137 ὅ

261 2160 440 2213 μέγιστος
461 2158 528 2198 καὶ
546 2151 812 2207 δοκιμώτατος
832 2156 910 2195 τῶν
930 2159 1107 2206 ποιητῶν
1126 2152 1315 2207 Ι’Όμηρος
1333 2155 1604 2205 διανοηθῆναί
1625 2165 1728 2204 φησι

260 2219 350 2268 τρία
372 2212 419 2255 τὰ
452 2210 713 2267 περιμήκιστα
734 2214 812 2252 τῶν
840 2206 946 2262 ὀρῶν
965 2212 1213 2264 ε’πιφορῆσαι
1241 2211 1308 2251 καὶ
1332 2210 1532 2261 ἐπιχῶσαι.
1590 2209 1724 2247 Recte

265 2270 435 2324 quidem
457 2279 505 2308 ut
527 2267 644 2308 Philo
671 2270 966 2319 διανοηθῆναι,
997 2266 1058 2305 sic
1079 2276 1121 2306 et
1136 2266 1338 2305 Lucianus
1359 2266 1546 2316 ἐθελῆσαι
1564 2266 1725 2306 ἐπιθεῖ-

262 2342 350 2368 ναι·
383 2340 477 2364 nam
500 2325 572 2377 qui
594 2339 736 2363 revera
768 2331 932 2362 montes
951 2336 1023 2362 eos
1050 2322 1265 2360 montibus
1294 2321 1528 2360 involvisse
1547 2320 1724 2373 scripse-

263 2392 387 2429 runt,
421 2382 470 2420 ab
494 2380 668 2423 Homero
689 2380 834 2418 nescio
859 2392 943 2431 quo
969 2381 1061 2432 jure
1087 2377 1370 2431 dissentiunt3
1401 2375 1607 2430 siquidem
1639 2390 1723 2419 ma-

265 2452 372 2492 gnus
393 2436 652 2490 poeta'nihil
676 2434 816 2484 aliud,
849 2449 975 2488 quam
1001 2444 1083 2473 tam
1117 2432 1269 2472 arduae
1297 2432 1359 2470 rei
1389 2442 1430 2472 et
1455 2428 1720 2483 incredibilis

265 2493 578 2548 aggrediundae
610 2492 837 2531 consilium
869 2494 1219 2542 voluntatemque
1251 2487 1438 2529 indicet:
1481 2487 1578 2527 ideo
1608 2488 1720 2541 The—-

263 2552 414 2588 misrius
436 2547 562 2589 ἄτοπα
585 2547 845 2601 φαντάσματα
864 2548 929 2588 καὶ
953 2543 1144 2588 ἀλλόκοτα
1158 2576 1168 2594 ,
1199 2542 1305 2598 ὀρῶν
1324 2562 1434 2593 τινας
1454 2541 1719 2598 ἐποικοδομή-

265 2621 345 2654 σεις
365 2607 431 2646 καὶ
451 2600 711 2657 ἆυαβαθμοῦς
737 2606 791 2652 εἰς
812 2599 1015 2657 οὐρανούς
1035 2610 1159 2642 vocat
1178 2600 1297 2640 Orat.
1320 2602 1377 2639 II.
1400 2606 1520 2655 p.56.
1541 2601 1590 2655 B.
1614 2601 1716 2638 satis

265 2667 354 2701 erat
379 2660 632 2698 immanibus
656 2661 802 2712 pueris
828 2673 905 2713 pro
940 2669 1096 2698 tenera»
1119 2666 1276 2706 aetate,
1311 2672 1415 2710 quae
1448 2658 1522 2696 vix
1544 2663 1716 2694 ‘nonum

266 2732 418 2758 annum
442 2715 697 2769 attingebat,
725 2716 907 2756 Martem
929 2714 1204 2755 constrictum
1228 2713 1271 2751 in
1295 2714 1476 2753 vinculis
1498 2711 1714 2752 habuisse.
