1781 3174
172 146 269 191 726
390 186 391 189 ,
522 152 1282 186 ΛυΝοτΛτιοΝΕε

170 252 448 297 Menandreis
470 254 506 294 J.
528 232 720 302 (fier-icus,
753 251 795 290 in
821 265 928 304 quae
945 254 1088 304 paullo
1107 263 1206 305 post
1225 252 1478 306 prodierunt
1496 268 1635 297 emen.

174 312 370 351 dationes
402 310 508 351 adeo
538 309 754 358 eruditae,
787 316 835 347 ut
859 309 1051 362 quamvis
1086 311 1216 348 latere
1238 311 1447 360 voluerit,
1493 323 1638 352 aucto-

171 383 257 408 rem
282 368 408 406 facile
434 381 578 406 omnes
603 374 848 421 agnoscant.
908 365 1026 405 Inter
1047 368 1280 421 longaevos
1303 367 1375 407 hic
1396 366 1596 409 Comicos
1616 384 1638 408 a

171 425 320 465 Nostro
341 434 582 463 recensetur
605 437 637 462 c.
663 427 728 467 25.
770 421 943 463 SOLAN.

288 481 388 534 Pag
407 485 501 525 310.
533 482 561 520 l.
584 483 625 525 5.
668 477 865 532 Πλάτων)
908 476 1049 517 Habet
1077 477 1203 518 etiam
1238 478 1296 522 ΟΖ.
1321 479 1451 521 Alex.
1486 481 1639 522 Strom.

173 538 258 578 III.
292 547 399 576 teste
426 537 556 592 Steplz
589 539 633 575 in
655 536 761 589 Lyr.
795 535 869 589 qui
899 534 1111 574 Simonidi
1133 534 1466 603 tribuitp.103.
1501 539 1564 576 uti
1600 548 1643 578 et

175 595 449 634 scholiastes.
490 594 637 634 Athen.
671 593 797 632 etiam
827 591 953 631 habet
979 597 1074 636 694.
1094 593 1140 632 E·
1179 589 1376 647 ὑγιαίνειν
1404 613 1443 646 μ.
1467 591 1506 635 (Ξ.
1526 590 1643 646 ανδρὶ

173 656 336 720 θνητῷ,
367 647 555 705 δεύτερον
576 652 615 692 δὲ
636 648 756 692 καλὸν
777 666 890 702 φυαν
906 649 1115 703 γενέσθαι,
1155 648 1197 691 τὸ
1226 652 1359 702 τοίτον
1390 651 1431 692 δὲ
1457 656 1644 693 πλουτεῖν

176 704 355 756 ἀδόλως·
396 709 463 749 καὶ
490 710 535 748 τὸ
563 709 745 760 τέταρτον
777 708 957 761 συνηβςῖν
983 704 1078 759 μετὰ
1101 723 1180 747 των
1212 709 1362 759 φίλων·
1403 707 1477 745 ubi
1508 706 1558 747 de
1591 722 1642 748 eo

176 768 312 817 plura.
373 763 500 817 Apud
526 764 734 804 stobaeum
761 763 944 803 Scleriae
973 761 1196 814 tribuitur,
1229 774 1272 802 et
1294 763 1416 803 aliter
1436 763 1646 804 scribitur.

177 820 289 860 Vide
316 820 424 862 Grot.
444 821 559 861 Flor.
583 827 678 865 425.
721 821 890 859 Somm.
953 818 1127 860 Πλατωυ
1155 821 1372 874 μέμνηται)
1402 821 1451 858 ln
1487 820 1646 874 Gorgia

175 883 274 922 283
298 879 348 920 A.
373 888 415 917 et
437 878 571 931 Legg
594 878 662 929 ΙΙ,
686 882 783 921 579
807 875 945 915 Solam.
977 877 1095 914 Haec
1116 875 1167 914 ad
1185 891 1312 932 marg
1336 877 1442 918 Junt.
1468 875 1650 916 addide-

176 946 262 985 rat·
295 945 336 973 at
357 949 459 973 mox
486 933 638 973 iterum
662 933 712 972 ad
736 931 862 972 eund.
885 946 1048 970 versum
1075 942 1197 971 notat
1219 933 1326 973 Plat
1355 932 1406 971 de
1429 933 1563 988 Legg.
1585 934 1645 982 II,
1653 959 1667 974 2

177 996 273 1034 211.
301 1006 353 1029 m.
387 991 574 1029 diversas
609 989 732 1029 editt.
765 987 914 1038 oredo,
948 987 1192 1042 respiciens.
1254 989 1322 1028 Ad
1352 989 1478 1030 verba
1508 999 1648 1029 autem

179 1047 403 1101 sequentia
425 1045 614 1097 δεύτερον
633 1049 862 1101 α--ιτρίτον,
891 1045 1045 1085 iterum
1068 1045 1147 1096 ait,
1179 1060 1220 1090 v.
1241 1045 1344 1088 Plat.
1365 1049 1395 1086 l.
1417 1061 1451 1086 c.
1482 1046 1647 1086 anz.

290 1101 630 1148 Ead.1.8.12a
650 1106 739 1154 σοι)
770 1102 1056 1154 Suspicabar'
1039 1120 1103 1144 ινα
1120 1121 1172 1156 μη
1197 1117 1284 1154 σοι,
1317 1113 1367 1142 ut
1387 1104 1443 1142 sit
1465 1103 1649 1142 formula

181 1160 466 1199 connectendi
490 1175 564 1213 per
585 1159 958 1213 praeteritionem,
993 1172 1075 1211 qua
1096 1159 1340 1213 frequenter
1363 1169 1543 1199 utuntur
1565 1173 1647 1198 om

180 1231 234 1256 ne
251 1231 384 1271 genus
406 1217 649 1274 scriptores.
683 1218 821 1256 GEsN.
887 1216 1012 1254 Haud
1040 1214 1169 1254 dubie
1193 1215 1356 1255 excidit
1382 1214 1436 1269 μὴ
1453 1248 1464 1266 ,
1494 1229 1652 1269 quam-

182 1287 306 1324 quam
329 1273 373 1311 id
391 1288 478 1312 non
503 1276 639 1312 ausim
665 1272 806 1313 textui
833 1272 1041 1323 inserere,
1073 1286 1203 1326 quum
1237 1281 1349 1313 certa
1382 1276 1472 1327 ejus
1496 1272 1651 1312 lectio-

182 1330 248 1368 nis
268 1330 449 1382 vestigia
475 1329 629 1368 desint.
689 1329 803 1397 Alia,
820 1330 930 1368 ratio
964 1338 1026 1368 est
1048 1329 1093 1367 in
1114 1329 1255 1373 verbis
1278 1328 1450 1369 Timon.
1474 1343 1507 1369 c.
1530 1331 1567 1373 5.
1592 1329 1652 1368 in.

179 1388 247 1429 ι’να
278 1384 354 1441 γὰρ
383 1404 431 1427 τα
456 1385 577 1428 κοινὰ
606 1384 730 1434 ἔασας
758 1382 863 1438 τάμὰ
895 1387 1014 1435 εἷ’,πω
1047 1394 1088 1425 et
1118 1385 1164 1423 in
1183 1384 1393 1424 similibus
1412 1386 1544 1436 locis,
1576 1385 1653 1424 ubi

181 1442 353 1481 verbum
381 1444 450 1483 ἐᾶν
473 1443 695 1483 notionem
720 1442 962 1496 negativam
985 1440 1185 1481 includit.
1219 1443 1377 1482 mewr.

294 1499 397 1537 Ead.
421 1502 449 1538 l.
476 1505 541 1542 10.
573 1497 768 1554 Τγίεια)
787 1498 856 1536 Sic
878 1498 1035 1550 incipit
1060 1493 1314 1551 ’Λοίφρωνος
1333 1503 1404 1540 τοῦ
1424 1500 1656 1542 Σικυωνίου

181 1552 309 1597 παιὰν
332 1557 387 1603 εἰς
407 1552 491 1610 ιηίε
478 1573 574 1604 ιαι,
589 1570 712 1609 quem
736 1563 872 1593 totum
893 1569 933 1593 v.
951 1553 1062 1608 apud
1074 1554 1221 1595 Athen
1235 1555 1328 1594 XV.
1343 1555 1470 1595 infin.
1488 1556 1655 1595 Vons'r.

183 1613 271 1666 Qui
302 1611 428 1651 etiam
463 1612 574 1651 vidit
594 1607 927 1661 emendandum,
968 1619 1009 1650 et
1027 1613 1180 1662 ναίοιμι,
1203 1625 1296 1649 cum
1317 1611 1523 1651 Athenaeo
1546 1613 1656 1650 scri-

184 1667 392 1718 bendum,
426 1667 541 1721 quod
564 1678 605 1707 et
624 1669 668 1710 P.
695 1677 736 1706 et
756 1667 811 1707 L.
839 1667 1100 1720 praefer.unt
1134 1663 1332 1706 Vocem
1309 1671 1437 1721 υγίεια
1457 1682 1510 1707 ex
1529 1669 1657 1708 Atlze-

185 1741 280 1765 noco
300 1724 426 1764 etiam
445 1724 506 1763 sio
525 1722 783 1777 scripsimu5‚
810 1736 914 1778 quae
937 1733 1060 1762 antea
1079 1721 1192 1778 ’ὑγεία
1213 1723 1491 1764 scribebatur.
1525 1726 1655 1764 Hunc

184 1782 390 1832 hymnum
414 1781 526 1820 inter
550 1781 827 1819 lVIiscellanea
849 1779 1104 1819 Graecorum
1127 1781 1295 1834 aliquot
1329 1780 1513 1820 carmina
1534 1782 1659 1820 Lon-

186 1836 277 1876 dini
299 1851 436 1891 nuper
456 1836 618 1876 editum
650 1850 737 1876 esse
765 1835 895 1874 audio
922 1840 983 1883 (a.
1012 1838 1164 1889 17225)
1203 1851 1296 1875 oum
1328 1838 1455 1876 notis.
1490 1838 1576 1878 Sor
1582 1853 1656 1878 AN

183 1893 337 1948 ‘Yyt'stoe
365 1893 436 1932 hic
463 1908 541 1946 pro
569 1896 745 1947 vulgato
779 1910 848 1946 υγε
834 1895 894 1934 εἰσι
924 1891 1047 1944 dedi,
1084 1903 1282 1933 monente
1310 1892 1461 1934 Solane
1483 1905 1655 1944 nostro,

186 1965 280 1988 cum
306 1953 451 2002 paullo
474 1964 600 2003 supra
620 1961 758 1989 tamen
782 1959 895 1988 recte
914 1946 1029 2004 ὑγεία
1051 1959 1225 2021 propter
1246 1964 1411 1989 versum
1434 1951 1656 2001 scribatur,

189 2008 322 2046 veluti
345 2015 386 2044 et
407 2006 452 2044 in
472 2007 620 2060 fragm,
645 2005 862 2046 sssencuzuclt
888 2005 1159 2053 42,1.Οὗκ
1193 2001 1283 2048 ἐσθ’
1316 2005 1454 2061 ὑγείας
1480 2013 1660 2059 κρεῖττον

188 2059 306 2105 οὐδὲν
331 2064 373 2105 ἐν
399 2066 488 2116 βίῳ.
548 2063 716 2102 Ibidem
748 2076 847 2100 vero
880 2078 1023 2103 rursus
1052 2062 1219 2113 statim,
1256 2060 1372 2128 ‘Tyle
1376 2080 1416 2105 ια
1446 2065 1511 2104 καὶ
1537 2068 1659 2115 νοῦς,

187 2120 311 2161 {offla
327 2123 384 2176 τῷ
404 2122 477 2177 βίῳ
497 2117 583 2162 δύο.
644 2119 695 2157 In
724 2117 819 2156 aliis
842 2128 980 2159 autem
1005 2121 1179 2161 Lucicmi
1207 2118 1315 2158 locis
1338 2134 1425 2159 non
1448 2120 1530 2159 erit
1561 2135 1660 2172 ope-

188 2191 257 2216 rae
275 2177 513 2231 inquirere,
547 2176 659 2216 sitne
677 2172 791 2229 υγεία
810 2189 860 2213 an
883 2173 1012 2230 υγὶεια
1031 2174 1327 2224 scribendum3
1360 2175 1431 2216 sed
1451 2191 1544 2215 cum
1565 2175 1661 2216 edd.

192 2235 416 2286 pleraeque
439 2247 602 2286 semper
622 2228 666 2288 ὗ
666 2234 735 2273 εία
759 2231 1046 2286 sc1ibant,id
1071 2208 1375 2281 retinebimis,
1410 2233 1495 2271 nisi
1515 2246 1662 2272 versus

191 2288 344 2328 obstet.
407 2289 568 2329 Confer
592 2264 666 2328 ad
667 2303 700 2330 c.
718 2293 757 2332 6
780 2286 830 2336 de
848 2289 1039 2330 hlei-ced.
1061 2288 1184 2329 cond.
1217 2290 1382 2327 Rem-z.

303 2345 400 2398 Pag.
422 2351 517 2390 311.
540 2348 568 2385 l.
594 2352 632 2389 3.
658 2345 789 2386 Ἠλον
812 2343 921 2396 ἥλω)
959 2345 1121 2387 Clavum
1141 2344 1266 2385 clavo.
1306 2344 1356 2383 Id
1383 2354 1471 2396 est,
1502 2347 1660 2385 malum

193 2402 276 2440 alio
298 2405 420 2441 malo.
453 2403 622 2444 Aristot
645 2402 698 2443 L.
711 2401 765 2442 V.
782 2401 910 2441 Polit.
934 2418 969 2444 c.
991 2405 1152 2457 penult.
1176 2401 1256 2442 Cic.
1277 2402 1352 2443 IV.
1363 2403 1489 2442 Tusa
1514 2402 1660 2441 CooN.

194 2457 324 2497 Cont'.
353 2457 450 2499 dial.
475 2459 668 2511 proxime
690 2458 957 2511 praecedent.
980 2475 1015 2498 c.
1037 2464 1075 2502 9.
1097 2459 1172 2497 ubi
1193 2457 1304 2522 idem
1326 2458 1521 2511 proverb
1544 2473 1664 2497 usur-

194 2523 267 2566 pat
293 2514 434 2554 N·os1¹e›
448 2547 458 2563 ‚
490 2525 531 2555 et
555 2529 662 2568 quae
685 2514 747 2552 ibi
766 2515 1026 2556 notavimus.
1058 2517 1222 2555 Rmrz.

307 2570 411 2610 End.
432 2575 461 2609 l.
487 2574 526 2615 5.
567 2576 627 2612 <1⁷03
648 2589 777 2641 πωροι
781 2574 848 2622 τι)
878 2572 1080 2627 Intellige
1096 2571 1210 2626 λόγῳ.
1241 2572 1380 2613 BROD·

309 2626 413 2665 Essd·
436 2633 463 2665 1-
485 2634 520 2672 6
559 2616 629 2670 ’Ev
656 2624 813 2679 Ἰσσῳ)
852 2629 1107 2670 Plutarchus
1143 2630 1189 2667 in
1220 2625 1478 2668 Alexandra
1520 2628 1664 2668 Bnon.

200 2679 306 2722 Cod.
329 2683 443 2724 Flor.
466 2686 507 2726 ἐν
524 2683 654 2728 Ιστω
686 2687 864 2727 Eoum).
