1781 3174
246 198 346 247 572
601 209 1353 243 AnNo'rA'rrousss

243 311 495 352 Lucz‘aneae:
513 309 773 363 ἓκτετραχυσμ
776 308 864 357 ἕνος
882 308 996 348 infra
1016 323 1050 349 c
1062 312 1130 354 51.
1163 319 1205 350 et
1225 308 1461 363 ’ὖφασμὲνος
1481 311 1578 351 Ver.
1590 312 1705 352 Hist.

241 368 287 417 I,
307 372 373 411 18
405 368 540 407 Caute
559 365 670 404 hanc
689 381 774 404 rem
795 366 839 404 in
861 364 993 404 dubio
1013 366 1231 421 relinquit,
1266 366 1557 431 Codicumque
1580 368 1704 408 fidem

241 425 326 464 rite
344 423 604 463 aestimatam
630 421 887 474 sequendam
914 432 1056 461 censet
1086 423 1264 463 Str-uvius
1292 423 1337 461 in
1372 424 1599 464 Grammat.
1628 425 1702 463 Gr.

245 481 316 522 Cf.
338 479 496 520 Adnot
527 478 580 518 ad
602 479 739 522 Diall
769 480 902 520 Deor.
928 478 990 528 V,
1015 484 1054 523 3.
1079 480 1200 520 Tom.
1225 480 1285 520 ΙΙ.
1306 494 1401 536 pag.
1426 484 1522 525 295
1582 481 1704 536 Quae

243 539 391 592 paullo
424 546 521 574 ante
549 546 690 575 orator
719 534 908 585 dixerat,
957 536 1110 576 verba:
1162 532 1259 578 ἄλλά
1286 554 1355 589 μοι
1391 539 1502 579 δοκεῖ
1534 546 1614 577 eto.
1653 551 1703 577 ea

245 592 470 633 ,Schmoedffl
473 609 516 631 us
538 591 748 661 elegantia
769 601 810 631 et
830 593 874 632 vi
897 606 971 630 sua
990 592 1204 661 privatum
1232 593 1338 641 ivit,
1370 593 1544 664 quando
1568 597 1706 634 male-

243 650 317 688 bat
336 645 651 703 1εὲεῑωοῖλλά,
683 665 752 702 μοι
769 651 898 699 δοκεῖ,
928 643 1077 701 τάχιστ’
1099 647 1150 691 ἂν
1170 650 1420 705 ἐπιτρίψαιτο
1439 649 1602 715 ῥοπάλῳ
1623 660 1702 692 etc.

241 705 486 745 Articulum
506 714 616 745 certe
642 715 739 744 ante
760 703 920 760 ῥοπάλῳ
941 707 1071 760 vulgo
1099 706 1287 758 positum
1313 709 1432 746 nullo
1462 708 1601 761 pretio
1626 721 1707 746 ex-

240 761 404 801 turbari
424 760 578 814 patiar.
638 762 684 801 Si
704 772 817 801 recte
847 776 1054 816 auguror,
1086 762 1225 802 movit
1249 778 1367 814 eum,
1401 774 1451 802 ut
1483 763 1534 804 de
1563 773 1707 802 muta-

241 820 364 857 tione
397 817 628 871 cogitaret,
661 818 883 872 ignoratus
916 821 985 867 vel
1013 821 1231 873 neglectus
1258 833 1359 857 usus
1390 820 1626 872 particulae
1654 816 1705 861 ἂν

239 889 336 913 cum
356 873 586 914 Infinitivo
608 888 850 925 connexae,
882 890 1004 929 quem
1023 884 1160 914 tamen
1181 878 1248 914 vel
1266 890 1318 914 ex
1340 875 1454 914 hoc
1443 891 1536 930 1pso
1554 877 1705 915 Lucia-

238 948 290 970 m>
308 929 564 984 cognovisse
587 941 629 970 et
649 940 820 983 poterat
836 941 877 971 et
902 930 1092 971 debebat.
1153 931 1335 970 Contuli
1363 936 1459 972 loca
1493 935 1704 972 nonnulla

238 987 284 1026 in
308 987 424 1028 Varr
449 987 591 1027 Lectt.
616 986 666 1026 ad
690 986 873 1027 Charon.
898 1002 932 1027 c.
957 993 1022 1031 17.
1053 989 1211 1027 LmrM.

352 1043 455 1082 Εαιῖ
473 1046 502 1082 l·
528 1049 593 1085 11.
631 1039 717 1085 Οὔκ
735 1042 886 1099 ήνεγκα
914 1069 972 1075 —-
999 1050 1083 1092 τοῖς
1106 1042 1267 1095 ξύλοις)
1304 1045 1524 1084 Lucianus
1558 1043 1703 1085 decla-

235 1110 406 1139 raturus
427 1098 750 1153 Philosophiae,
768 1111 810 1140 et
831 1100 998 1155 reliquo
1019 1101 1378 1155 philosophorum
1404 1102 1563 1149 coetui,
1592 1115 1700 1155 quos

237 1171 381 1195 eorum
403 1156 650 1195 nominibus
669 1159 823 1209 passim
846 1158 1188 1210 pelstrinxisset,
1220 1172 1374 1197 venum
1392 1158 1700 1211 proposuisset,

235 1224 278 1252 et
298 1212 544 1251 omnimodo
582 1212 836 1253 deridendos
869 1210 1163 1278 propirffasset,
1203 1214 1350 1254 acerbe
1379 1214 1568 1268 exagitat
1599 1225 1704 1265 ψευ-

235 1269 562 1321 δοφιλοσόφους,
593 1284 775 1323 eosque,
808 1271 882 1323 qui
904 1285 947 1310 se
976 1285 1098 1310 veros
1118 1271 1392 1323 antiquorum
1415 1269 1702 1323 philosopho-

235 1341 327 1367 rum
347 1336 575 1366 sectatores
599 1328 708 1364 falso
726 1327 950 1378 jactabant,
963 1327 1051 1365 suis
1076 1327 1291 1366 coloribus
1316 1326 1566 1380 depingens,
1601 1336 1702 1364 tan-

220 1381 331 1436 *dem
357 1393 572 1435 comparat
594 1384 691 1421 illos
713 1397 805 1421 cum
831 1397 903 1434 eo,
936 1383 1009 1438 qui
1034 1384 1122 1435 ipse
1142 1384 1281 1422 mollis
1303 1393 1345 1423 et
1365 1382 1664 1422 effeminatus
1653 1397 1701 1421 m

234 1452 358 1477 scena
380 1439 588 1479 sustinere
608 1439 714 1479 velit
734 1453 956 1491 peisonam
981 1439 1163 1478 Achillis
1190 1442 1255 1479 vel
1278 1440 1501 1488 Herculis,
1533 1452 1620 1477 non
1643 1438 1701 1477 si-

233 1508 287 1534 ne
306 1505 591 1547 spectatorum
612 1511 708 1535 veie
730 1494 1014 1560 judicant-ium
1036 1495 1140 1544 risu,
1166 1505 1207 1535 et
1227 1495 1392 1563 pudore
1412 1509 1573 1545 eorum
1596 1509 1702 1548 quo-

233 1566 328 1590 rum
348 1566 571 1603 personam
589 1562 749 1607 gelant.
811 1551 884 1590 Ait
916 1553 1085 1606 itaque:
1119 1548 1194 1593 οὐκ
1222 1549 1369 1619 ἤνεγκα
1398 1549 1473 1603 τὴν
1505 1550 1701 1604 αἰσχύνην

231 1611 303 1660 τῆς
327 1605 597 1662 ὖτοκοίσεως,
631 1611 665 1650 εἰ
683 1611 857 1659 πίθηκοι
882 1625 1019 1656 οντες,
1061 1607 1281 1660 ἐτόλμησαν
1308 1604 1456 1661 ἡοώωυ
1475 1613 1703 1662 προςωπεῖα

230 1664 494 1718 πεοιθέσθαι,
526 1663 554 1716 ἢ
573 1665 643 1706 τὸν
667 1666 709 1706 ἐν
739 1662 852 1718 Κύμῃ
877 1664 975 1706 ὄνον
1005 1663 1283 1733 ‘aemio‘aofloc'ffi
1316 1661 1362 1712 ὃς
1392 1669 1555 1717 λεοντῆν
1583 1681 1702 1717 περι-

228 1718 499 1791 βαλλόμενος,
529 1719 646 1775 ηξίου
675 1723 775 1763 λέων
797 1719 920 1770 αὐτὸς
941 1719 1064 1768 εἶναι,
1098 1719 1200 1774 πρὸς
1227 1718 1475 1789 ἀγνοοῦντας
1494 1719 1587 1769 τούς
1609 1727 1702 1762 Κυ-

229 1780 373 1832 μαίους
393 1775 620 1832 ὀγκώμενος
642 1778 746 1831 μάλα
765 1777 886 1846 τραχῦ
913 1779 978 1819 καὶ
998 1774 1339 1830 καταπληκτικὸν,
1362 1776 1452 1831 ἄχρι,
1473 1775 1521 1830 δη
1543 1795 1602 1826 τις
1623 1795 1701 1818 αυ-

227 1836 298 1876 τὸν
320 1836 432 1885 ξένος
453 1838 519 1876 καὶ
540 1837 680 1877 λέοντα
709 1832 833 1885 ἰδων,
865 1836 933 1876 καὶ
958 1833 1057 1876 όνον
1076 1832 1290 1884 πολλάκις,
1321 1831 1477 1888 ἤλεγξε,
1508 1835 1577 1876 καὶ
1607 1831 1702 1877 dns-

229 1893 346 1940 &leoga
366 1894 498 1932 παίων
516 1898 599 1940 τοῖς
620 1888 766 1941 ξύλοις
827 1891 1021 1931 Nimium
1047 1893 1242 1944 elegans,
1275 1899 1329 1930 et
1346 1890 1570 1930 intellectu
1595 1891 1699 1929 faci-

227 1949 280 1988 lis
304 1948 374 1986 hic
396 1950 515 1987 locus
541 1958 626 1997 est,
662 1963 787 2001 quam
811 1958 860 1987 ut
879 1958 962 1986 tam
983 1947 1179 2012 turpiter
1183 1947 1234 1986 ab
1258 1945 1543 1986 oscitabundo
1567 1945 1701 1987 inter-

225 2014 346 2057 prete
385 2005 555 2042 tractari
587 2004 798 2044 debuerit.
857 2003 1103 2043 Posteriora
1136 2003 1336 2041 nimirum
1367 2001 1608 2042 adulterans
1635 2003 1699 2043 ita

225 2060 376 2100 τεῑῒίἴε
407 2062 543 2102 Donec
567 2062 728 2116 quidam
752 2062 887 2116 hospes
906 2077 944 2099 se
967 2058 1113 2099 leonem
1130 2071 1164 2098 et
1184 2062 1335 2101 asinum
1357 2059 1486 2097 videre
1501 2075 1614 2113 saepe
1634 2076 1701 2098 ar-

221 2119 329 2173 guit,
363 2127 396 2155 et
413 2118 530 2173 fias-te
556 2117 718 2157 caedens
749 2120 943 2157 insecutus
971 2127 1037 2155 est.
1100 2116 1282 2154 Asinina
1313 2115 1508 2168 profecto
1536 2116 1696 2157 versio.

224 2171 386 2211 Totum
410 2177 549 2212 locum
571 2174 629 2212 ita
652 2172 810 2214 1·:edd0
845 2173 965 2213 Talia
984 2188 1050 2212 vos
1065 2174 1153 2225 pati
1169 2172 1219 2210 ab
1242 2171 1324 2211 illis
1338 2188 1349 2209 1
1355 2170 1491 2220 ideas,
1525 2187 1603 2210 non
1623 2171 1699 2211 tuli

222 2226 476 2283 ’ὑποκρίσεως
497 2231 684 2279 dedecus,
714 2232 749 2268 si
773 2247 860 2270 cum
880 2231 1016 2269 simiae
1031 2240 1173 2277 essent,
1207 2245 1351 2267 sumere
1373 2228 1530 2266 heroum
1553 2243 1698 2280 perso-

223 2302 298 2325 nas
331 2290 418 2325 ausi
443 2290 545 2336 sint,
586 2286 648 2325 vel
674 2288 824 2325 imitari
849 2288 1101 2325 sustinuerint
1134 2284 1348 2324 Cumanum
1376 2283 1491 2323 illum
1515 2286 1694 2333 asinum,

223 2359 292 2396 qut
315 2343 509 2382 leoninam
543 2343 724 2391 inclutus,
754 2343 908 2382 volebat
935 2353 969 2380 et
999 2344 1079 2396 ipse
1108 2341 1166 2380 leo
1197 2343 1359 2390 censeri,
1401 2339 1508 2393 apud
1535 2341 1696 2392 ignaros

224 2398 412 2438 C'mnaeos
443 2399 583 2438 rudens
617 2399 733 2438 valde
759 2415 937 2452 aspelum
962 2409 997 2436 et
1031 2397 1254 2447 lzorridum3
1296 2396 1418 2434 donec
1443 2412 1526 2434 eum
1559 2396 1697 2449 hospes

222 2455 398 2509 quidam,
435 2458 502 2511 qui
520 2467 554 2494 et
573 2456 719 2495 leonem
741 2467 775 2494 et
795 2458 948 2494 asinum
979 2470 1091 2509 saepe
1113 2453 1263 2492 viderat
1286 2451 1442 2506 (atque
1465 2451 1587 2498 adeO,
1620 2451 1696 2505 qui

219 2513 387 2550 leonem
424 2514 473 2550 ab
497 2513 617 2551 asino
649 2511 781 2565 probe
801 2511 961 2549 sciebat
982 2510 1258 2564 dignoscere)
1282 2509 1485 2560 coarguit,
1517 2507 1697 2562 etfusti-

223 2566 293 2605 bus
311 2568 473 2631 pffclsans
495 2569 634 2622 abegit.
697 2568 819 2606 Sicut
842 2566 912 2605 hic
931 2565 1109 2606 Cumaei
1132 2564 1332 2603 dicuntur
1355 2563 1587 2617 aliquando
1607 2577 1694 2602 non

221 2624 416 2674 potuisse
444 2626 880 2678 agnoscereleonem,
913 2623 973 2662 ita
1006 2632 1048 2662 et
1079 2620 1331 2674 elephantos
1363 2621 1546 2673 primum
1578 2620 1695 2660 visos

219 2679 323 2716 Itali
342 2679 585 2720 habuerunt
607 2695 684 2733 pro
706 2679 867 2728 bobus,
902 2681 1268 2732 appellaruntque,
1304 2685 1352 2714 ut
1372 2686 1534 2726 notum,
1563 2674 1695 2714 boves

220 2735 372 2777 Lucas.
403 2736 528 2777 JENS.
589 2735 815 2776 Asiuinam
837 2736 984 2783 istam,
1020 2748 1143 2790 quam
1176 2732 1329 2774 Jensius
1353 2743 1502 2786 vocat,
1530 2729 1696 2777 versio-
