1781 3174
424 256 495 287 iu
565 254 647 284 DE
716 253 1194 286 sAcR1F1011s.
1445 240 1546 288 495

81 354 257 395 Graece.
290 353 390 393 Lib.
415 353 448 392 1.
469 365 561 405 cap.
581 357 648 396 23.
674 351 749 404 qui
770 350 886 390 hunc
912 355 1053 390 locum
1073 350 1133 389 ita
1155 348 1366 390 reddidit:
1398 351 1548 391 Deinde

78 411 134 449 acl
156 428 268 450 aram
287 409 491 464 applicant
518 406 796 461 (pecudem),
830 424 880 448 ac
899 409 969 447 sub
993 407 1118 448 oculis
1147 403 1438 460 Deijugulam,
1455 411 1548 463 fle—

79 467 156 506 bile
174 467 365 521 quiddam
386 467 658 516 emugientcm,
693 465 857 517 beneque
881 468 1005 516 (sicui
1029 465 1118 504 licet
1137 467 1354 515 conjicere)
1386 468 1548 503 omina-

77 534 185 575 1am5
216 523 379 576 denique
394 538 486 561 voce
497 525 585 575 jam
604 521 748 561 leniore
763 520 818 558 acl
840 524 945 560 sacri
961 521 1079 559 tibias
1100 520 1402 574 respondentem.
1463 521 1548 559 His

75 580 239 618 ultimis
264 576 433 631 'nempe
474 578 703 630 respicitur
731 577 932 615 tibiarum
965 592 1065 615 usus
1098 578 1141 615 in
1178 579 1328 626 sacris,
1373 576 1423 616 de
1459 591 1546 631 quo

76 635 186 674 idem
209 635 425 692 Pseifferus
448 635 498 673 L.
523 635 559 673 I.
585 649 618 675 e.
643 640 709 678 33.
741 633 901 687 aliique
924 633 1040 672 alibi.
1099 632 1262 672 Belinus
1283 643 1429 672 contra
1453 637 1548 672 lon-

73 692 245 744 gissime
274 691 507 740 aberravit,
539 690 615 728 ubi
636 690 786 730 vertit:
818 699 862 729 et
892 691 945 728 ils
980 699 1316 743 accompagnent
1351 689 1401 729 de
1432 693 1546 730 leurs

74 746 195 787 flutes
218 762 280 786 ses
305 747 604 800 mugissemens
628 746 923 792 douloureux,
958 747 1032 800 qui
1054 757 1178 799 sont,
1211 760 1372 786 comme
1392 745 1442 787 de
1464 748 1547 786 rai·

72 817 175 854 son,
210 804 311 842 d'un
335 803 558 843 favorable
582 817 756 858 augure.
804 804 964 841 LnnM.

183 882 284 924 Ecul.
301 885 328 921 1.
353 884 393 926 5.
430 881 704 937 Πρόγραμμα)
736 881 835 921 Vid.
862 881 970 935 Orig.
996 897 1027 924 e.
1053 882 1162 921 Cels.
1189 885 1284 930 147,
1307 886 1343 925 1.
1376 882 1542 922 Soram

181 939 286 979 Ead.
308 942 336 979 l.
361 945 399 982 6.
436 939 510 992 Μὴ
537 939 720 992 καθαρὸς
740 938 810 989 τοὶς
828 940 990 995 χεῖρας)
1025 939 1103 992 Qui
1122 939 1316 978 hominem
1337 942 1543 988 necaverit,

69 996 316 1048 sacrilegium
339 999 587 1050 perpetravit.
621 997 767 1035 Bizon-

181 1052 283 1091 Eacl.
304 1055 329 1094 l.
350 1057 388 1096 8.
430 1049 484 1094 ‘O
516 1051 731 1106 Κύκλωψ)
773 1052 1030 1092 Homericus
1061 1051 1354 1105 Polyphemus
1386 1050 1467 1090 Od.
1491 1056 1543 1093 K.

66 1109 215 1149 Bnon.

177 1163 279 1204 Ead.
301 1167 329 1203 l.
353 1169 393 1208 9.
433 1170 497 1222 Τῷ
522 1168 648 1222 βωμῷ
678 1163 753 1220 π.)
797 1165 886 1220 Qui
913 1181 1002 1205 mos
1036 1180 1122 1204 non
1154 1165 1345 1219 gentium
1377 1168 1540 1214 solum,

67 1220 140 1261 sed
161 1232 201 1260 et
225 1221 538 1267 Hebraeorum,
572 1222 659 1261 Dei
683 1226 825 1275 jussu3
860 1223 964 1261 Lev.
991 1224 1096 1267 VII,
1118 1228 1157 1265 2.
1190 1221 1363 1261 SOLAN.

181 1277 284 1317 Earl-
310 1281 339 1317 l.
368 1285 431 1322 13.
465 1281 776 1328 Διασκίδναται)
806 1279 1024 1319 Homerica
1046 1279 1205 1325 dictio,
1238 1287 1286 1316 ut
1318 1287 1361 1318 et
1397 1291 1544 1318 versus

67 1348 272 1387 aequem,
308 1335 382 1386 qui
406 1334 479 1376 lib,
504 1340 542 1379 5.
577 1335 755 1374 Eoum).

143 1427 146 1430 .
178 1389 281 1429 Eacl.
304 1392 330 1432 l.
358 1396 422 1434 14.
457 1389 651 1443 Σκύθης)
686 1392 770 1429 Res
800 1401 862 1430 est
885 1406 937 1430 ex
961 1391 1077 1429 omni
1103 1404 1255 1444 genere
1287 1390 1545 1442 scriptorum

66 1446 303 1485 notissima.
375 1448 535 1501 Tangit
570 1448 722 1486 iterum
764 1447 864 1488 JOV.
896 1449 1018 1501 Trag.
1063 1447 1233 1488 SOLAN.
1304 1446 1386 1501 Cf„
1405 1447 1542 1487 Dian.

64 1503 199 1542 Deor.
222 1502 350 1553 XVI,
375 1511 411 1546 1.
441 1505 601 1542 LE11M.

179 1558 280 1601 Ead.
301 1561 326 1600 l.
349 1565 415 1605 15.
455 1566 512 1618 Τῇ
526 1558 749 1614 Ἀρτέμιδι)
781 1560 939 1598 Dianae
959 1559 1179 1614 Scythicae.
1211 1560 1357 1598 BROD.

180 1616 280 1668 Pag.
300 1620 417 1660 87,1.
441 1622 478 1660 4.
526 1614 879 1670 Κριοπρὸςωπον)
924 1617 1086 1653 Horum
1114 1616 1304 1654 omnium
1334 1616 1542 1668 imagines

67 1671 111 1709 in
134 1671 311 1725 Pignorii
328 1688 467 1712 mensa
489 1674 625 1712 Isiaca
641 1707 650 1723 ‚
684 1673 835 1728 quibus
857 1673 936 1711 hae
957 1687 1019 1711 res
1043 1670 1159 1710 cordi
1190 1682 1290 1711 sunt
1306 1704 1317 1722 ,
1352 1672 1542 1710 videant.

66 1727 226 1767 Eadem
251 1729 555 1781 propemodum
579 1729 735 1768 habent
758 1739 797 1768 et
819 1729 928 1781 Orig.
957 1744 988 1766 c.
1018 1728 1126 1767 Cels.
1156 1734 1255 1776 121,
1285 1735 1321 1770 1.
1355 1738 1395 1767 et
1423 1728 1544 1768 Clem.

65 1784 191 1826 Alex.
219 1790 285 1828 16.
311 1785 357 1825 C.
385 1785 483 1823 Vid.
509 1785 694 1825 Philostr.
722 1800 759 1836 p.
782 1791 877 1828 257.
939 1785 1079 1823 Notus
1097 1816 1106 1832 ‚
1140 1784 1286 1837 inquit
1310 1785 1371 1822 ibi
1407 1785 1545 1823 inter-

66 1855 183 1893 pres,
218 1841 369 1880 Hircus
386 1842 615 1881 Mendesius
636 1841 763 1879 Panis
783 1840 1038 1892 symbolum.
1073 1842 1240 1880 SOLAN.
1302 1839 1543 1893 Κυνοπρός-

69 1895 367 1949 ωποςἛρμῆς,
400 1898 629 1951 Aegyptiis
652 1897 812 1936 Anubis
835 1896 989 1947 dietus,
1004 1896 1113 1935 Isidi
1135 1907 1304 1950 praesto
1329 1899 1541 1939 estDiall.

66 1953 202 1991 Matr.
227 1954 327 1995 VII.
356 1964 461 1993 extr.
495 1955 649 1992 mei.

181 2031 284 2071 Eacl.
309 2035 333 2074 l.
361 2039 400 2076 6.
437 2029 731 2084 Κροκόδειλον)
765 2032 974 2071 Colebant
993 2033 1103 2071 enim
1131 2033 1339 2086 Aegyptii
1362 2031 1542 2072 crocodi-

67 2087 162 2127 lum.
197 2088 246 2129 V.
269 2088 508 2143 Stephanum
533 2089 632 2141 Βγε.
668 2090 711 2126 in
747 2087 985 2137 Διοςπόλις,
1020 2100 1059 2128 et
1094 2088 1212 2129 Clem.
1234 2089 1364 2129 Alesr.
1394 2104 1541 2141 στρωμ.

66 2144 117 2182 V.
144 2144 326 2198 Qyprlan.
351 2146 475 2184 etiam
499 2145 548 2183 ad
574 2146 836 2186 Demetrian.
864 2155 905 2183 et
929 2145 1088 2184 Ten-tull.
1114 2147 1209 2185 adv.
1236 2148 1372 2185 Marc.
1401 2147 1458 2195 II,
1475 2150 1540 2188 14.

67 2213 172 2252 quos
198 2201 508 2254 laudatSpanlz.
546 2207 636 2245 176.
698 2202 800 2240 Non
828 2201 878 2239 ab
908 2202 1104 2241 omnibus
1136 2202 1366 2256 Aegyptiis
1399 2212 1542 2241 tamen

67 2259 229 2296 cultum
256 2256 381 2297 docet
403 2259 490 2297 Juv.
510 2258 587 2298 XV
604 2288 618 2305 ,
639 2264 678 2302 2.

1000 2314 1146 2364 Qualia
1170 2314 1323 2353 clemens·

286 2372 491 2424 Aegyptus
509 2382 688 2424 por-{enta
715 2370 819 2410 colat
835 2371 857 2411 ‚7³
891 2370 1267 2410 CROCODJLON
1285 2371 1427 2409 adorat

287 2427 387 2466 Pars
405 2428 524 2467 haec.-
556 2428 629 2466 illa
648 2440 763 2481 pavet
785 2439 959 2466 saturam
981 2428 1216 2480 serpentibus
1248 2427 1384 2467 ῙΒῙΝ.

70 2491 166 2524 etv.
190 2486 257 2527 35.
291 2484 365 2521 alii
387 2485 534 2523 itidem
559 2484 762 2538 Aegyptii
785 2484 886 2522 odio
911 2485 1077 2522 eosdem
1104 2484 1343 2521 crocodilos
1373 2497 1537 2523 summo

68 2539 267 2593 prosequi
289 2538 502 2581 dicuntur.
565 2541 758 2594 Quorum
779 2543 1037 2593 populorum
1061 2541 1233 2578 nomina
1256 2540 1345 2577 illic
1362 2539 1539 2579 exhibet

69 2595 136 2634 vir
159 2595 483 2636 illustrissimus,
517 2596 687 2636 Soms.

182 2662 282 2701 Eud.
309 2665 333 2703 l.
358 2667 395 2706 8.
428 2663 635 2716 Δαήμεναι
661 2662 768 2716 etc.)
794 2662 963 2718 ῌοηισν.
989 2663 1036 2704 Il,
1069 2667 1128 2715 Φ,
1151 2668 1246 2707 487·
1308 2665 1364 2704 Εἰ
1390 2661 1427 2705 δ’
1451 2665 1537 2706 ἑθέ-

69 2723 154 2814 ἒης
180 2721 370 2772 πολέμοιο
397 2718 589 2774 δαήμεναι
624 2719 733 2777 ὄφρα
762 2719 805 2760 εὑ
827 2721 947 2775 εἰδῇς.
980 2720 1125 2760 Bnor).
1185 2718 1308 2763 Iliad.
1348 2725 1402 2771 Z,
1443 2727 1536 2765 150·

112 2790 206 2817 esu.
