1781 3174
484 212 566 244 ‘IN
633 210 1122 243 1‘1scA'ronEM.
1434 197 1535 245 537

77 314 189 358 Actt.
221 311 383 352 Erudd.
418 325 453 349 a.
478 311 597 353 1745.
618 322 658 359 p.
681 313 774 352 248.
799 308 872 361 qui
904 308 1089 347 contulit
1119 307 1247 346 simul
1283 307 1533 348 Latinorum

79 371 280 408 formulas
314 369 371 407 bis
400 369 500 406 mori
528 376 570 404 et
595 364 703 403 mille
730 376 871 403 mortes
897 364 1008 416 apud
1034 364 1268 405 Petronium.
1329 365 1400 405 Sic
1435 380 1535 405 vero

79 427 204 466 etiam
237 426 484 476 interpretes
515 422 666 461 Latini
694 433 735 461 et
765 421 1030 471 Wielandius‚
1065 431 1112 460 ut
1144 435 1220 474 par
1251 430 1362 472 erat,
1394 424 1536 461 locum

82 491 298 535 ceperunt.
342 481 496 519 Lmnu.

188 592 289 632 Eacl.
323 595 350 632 l.
380 597 445 635 10.
491 587 693 643 HAAT.)
731 590 893 641 Verba,
939 605 1045 645 quae
1075 590 1147 629 hic
1188 591 1266 629 uni
1294 591 1543 631 tribuuntur

82 650 279 700 Platoni,
323 663 344 687 a
376 648 518 686 multis
548 648 906 685 tumultuantibus
934 651 1096 700 prolata
1128 658 1257 699 puto:
1295 649 1542 700 praesertim

82 721 175 746 cum
209 705 318 745 idem
341 706 463 743 Plato
494 707 619 756 paulo
644 714 740 755 post
768 703 890 742 aliam
921 704 1172 742 sententiam
1195 705 1384 756 proferat
1405 704 1455 743 ab
1477 704 1543 743 his

86 761 280 802 omnibus
303 762 524 809 diversam,
545 770 585 799 et
606 775 704 799 sane
727 763 888 798 nullum
908 774 1061 797 nomen
1089 760 1158 798 hic
1179 762 1352 812 reperiri
1373 762 1417 798 in
1440 764 1543 798 mul-

82 819 139 857 tis
167 817 260 857 cod.
292 819 396 859 D'Iss.
428 817 670 855 observavit
697 816 865 869 Longol.
891 815 1190 868 Empedoclem
1217 828 1352 854 autem
1384 832 1546 856 consu—

83 877 221 914 lentes
244 874 529 922 inducuntur,
563 884 610 911 ut
631 873 680 911 de
704 872 932 912 crateribus
956 873 1043 910 suis
1072 875 1249 925 loquens
1271 874 1399 911 risum
1427 873 1546 912 exci-

85 941 160 971 tet.
219 930 469 984 Legendum
506 931 649 982 itaque
676 943 827 968 censeo
848 939 918 967 aut
947 933 1059 970 ΦΙΛ.
1091 937 1163 967 aut
1184 929 1405 979 distincte,
1433 925 1545 971 Ἀλλ.

83 985 193 1029 Ἀλλ.
227 987 397 1026 SOLAN.
457 987 628 1024 Platoni
657 985 752 1024 heic
781 984 1017 1024 abeundum
1048 987 1147 1034 erit,
1202 988 1254 1036 1)
1280 985 1394 1038 quod
1429 989 1547 1039 paul-

87 1047 132 1084 lo
155 1054 252 1097 post
277 1043 482 1082 diversam
510 1042 559 1080 ab
577 1042 656 1080 hac
675 1043 927 1081 sententiam
948 1043 1121 1093 profert.
1156 1042 1208 1096 2)
1234 1042 1347 1096 quod
1370 1054 1410 1082 et
1432 1043 1548 1081 abest

90 1116 112 1139 a
141 1100 285 1139 multis
307 1098 545 1147 (nonnullis,
580 1098 723 1151 inquit
749 1098 941 1136 Collator
959 1099 1066 1136 J'Oli.
1090 1099 1258 1150 Lclzm.)
1288 1100 1393 1138 Niss.
1439 1101 1549 1138 Rec-

89 1167 131 1196 te
158 1156 238 1194 hoc
271 1157 438 1194 monuit
463 1156 608 1193 Moses
634 1156 719 1194 Sol.
781 1155 893 1192 Num
922 1169 1020 1194 vero
1046 1155 1089 1192 in
1115 1156 1254 1194 fronte
1276 1154 1426 1193 horum
1452 1169 1550 1193 ver-

87 1213 235 1252 borum
256 1212 447 1265 ponendi
469 1212 555 1249 sint
584 1215 773 1252 ΦΙΛΟΣ.
801 1221 873 1249 aut
890 1210 1041 1262 ’'Akkor,
1073 1226 1158 1249 non
1183 1212 1240 1249 ita
1264 1222 1451 1263 apertum
1473 1220 1548 1250 est.

89 1271 218 1308 Forte
240 1269 342 1307 haec
365 1268 574 1306 sententia
596 1278 656 1306 est
681 1269 889 1316 Socratis,
927 1283 1032 1320 quae
1053 1270 1109 1307 sic
1132 1271 1213 1305 lata
1238 1279 1323 1316 est,
1355 1278 1401 1305 ut
1425 1268 1552 1320 prio-

89 1326 208 1365 ribus
233 1339 306 1378 per
340 1325 441 1362 iram
466 1325 653 1363 excussis
687 1338 809 1378 quarn
835 1324 995 1376 optime
1024 1324 1274 1370 conveniat,
1309 1333 1350 1362 et
1378 1338 1471 1361 cum
1498 1323 1551 1361 iis

90 1382 215 1421 etiam
239 1381 452 1421 cohaereat.
485 1379 617 1420 SEYB.
678 1381 744 1418 Ita
768 1390 810 1419 et
828 1380 933 1417 mihi
958 1379 1140 1418 videtur.
1187 1381 1376 1419 Platonis
1396 1394 1552 1419 nomen

90 1452 168 1492 pet
201 1451 381 1475 errorem
411 1450 463 1475 ex
495 1436 770 1488 sequentibus
800 1435 885 1473 huc
914 1436 1128 1489 migravit.
1190 1437 1374 1475 Socratis
1412 1447 1553 1475 autem

93 1493 362 1533 commotiori
394 1492 533 1530 animo
575 1494 734 1545 optime
766 1493 989 1541 convenit,
1031 1506 1114 1530 non
1148 1503 1410 1544 exspectare,
1455 1492 1554 1531 dum

93 1551 168 1589 alii
199 1548 431 1588 sententias
463 1563 557 1587 suas
591 1549 790 1598 tulerint,
826 1548 897 1588 sed
925 1549 1066 1587 statim
1099 1549 1237 1601 ipsum
1260 1549 1554 1603 gravissimum

95 1616 138 1646 et
161 1605 541 1659 exquisitissimum
571 1605 771 1657 supplicii
804 1619 935 1659 genus
967 1618 1218 1657 proponere.
1282 1605 1411 1658 Quod
1441 1607 1555 1644 enim

94 1662 376 1726 proponitur,
420 1677 550 1699 unum
587 1672 750 1698 tantum
790 1672 874 1710 est,
911 1676 1159 1714 quamquam
1191 1663 1414 1725 multiplex
1441 1672 1481 1701 et
1511 1662 1556 1697 in

97 1720 241 1758 varios
266 1719 387 1770 quasi
416 1728 532 1755 actus
560 1717 831 1768 distractum3
864 1719 906 1754 in
933 1731 1017 1771 quo
1041 1717 1155 1770 quod
1186 1717 1299 1755 cruci
1325 1717 1439 1769 affigi
1464 1720 1560 1769 pla-

100 1785 166 1814 cet
186 1773 362 1838 flagellis
382 1784 504 1812 antea
524 1787 712 1823 caesum,
744 1773 981 1811 humillima
1004 1773 1108 1811 haec
1131 1784 1216 1811 erat
1239 1783 1279 1812 et
1298 1774 1560 1821 ἱσηοιῐιὶηἰο-

102 1831 267 1870 sissima
290 1844 452 1882 poena;
487 1829 601 1883 quod
632 1805 778 1867 oclilos
799 1829 954 1879 effodi,
987 1830 1173 1881 pertinet
1195 1830 1275 1867 hoc
1300 1829 1349 1867 ad
1376 1829 1561 1867 Luciani

104 1886 323 1925 audaciam
355 1885 605 1938 penetrandi
635 1886 678 1922 in
700 1885 1053 1938 philosophorum
1086 1901 1258 1933 arcana3
1297 1885 1412 1939 quod
1434 1886 1564 1924 deni-

105 1958 186 1997 que
208 1943 397 1995 linguam
431 1941 644 1988 abscindi,
677 1942 904 1994 respicitur
925 1944 1096 1980 scelesta
1127 1946 1216 1995 ejus
1234 1943 1405 1981 licentia
1431 1953 1471 1980 et
1492 1943 1565 1979 in-

106 1999 299 2047 solentia,
325 2012 431 2050 quae
453 1996 629 2036 vidisset
649 2002 714 2036 vel
740 1998 988 2047 audivisset,
1010 2001 1143 2050 palam
1168 1998 1405 2038 essutiendi.
1449 1999 1565 2036 Hinc

108 2064 249 2108 patet,
283 2069 406 2107 quam
429 2068 575 2106 parum
603 2069 646 2093 ea
681 2055 818 2093 aliena
840 2055 926 2092 sint
949 2069 969 2092 a
995 2055 1178 2093 Socratis
1200 2069 1379 2107 persona
1399 2054 1469 2092 hic
1490 2054 1568 2091 de·-

110 2112 296 2159 lineata;
327 2120 446 2163 patet
466 2125 565 2148 vero
588 2111 737 2159 etiam,
773 2121 975 2164 quantum
1003 2111 1084 2148 sibi
1111 2113 1371 2163 arrogaverit
1400 2111 1571 2150 Wielan-

113 2168 224 2218 clius,
259 2167 356 2219 qui,
390 2166 567 2204 nimium
588 2166 750 2218 judicio
780 2181 856 2205 suo
877 2167 1084 2212 confisus,
1116 2167 1256 2219 priora
1280 2167 1428 2207 verba:
1455 2165 1573 2220 Ἐιιοὶ

112 2226 186 2277 μὲν
214 2246 270 2254 ·-
298 2225 492 2275 πρότεοον
516 2223 760 2276 Aristippo,
781 2238 898 2292 quae
925 2223 1124 2277 deinceps
1147 2233 1403 2277 sequuntur,
1437 2223 1573 2267 Chrv-

114 2281 266 2346 sippo,
298 2290 508 2333 postrema
544 2279 727 2332 denique
748 2297 818 2332 την
842 2284 1014 2334 γλῶτταν
1044 2304 1095 2309 ——
1128 2284 1195 2321 (307
1188 2287 1239 2320 ,Ze
1247 2279 1573 2334 3Pythagorae,

114 2338 283 2377 ratione
318 2339 444 2388 plane
485 2338 599 2373 nulla
643 2335 828 2381 reddita,
871 2336 1038 2377 tribuit.
1111 2338 1321 2388 Interpret
1329 2337 1361 2373 is
1404 2335 1577 2391 quidem

119 2393 243 2433 fidem
273 2394 333 2430 sic
368 2391 565 2430 audacter
596 2392 731 2430 laesit.
792 2393 883 2432 Nec
915 2393 1254 2444 probabilissime
1293 2393 1577 2460 Pythagoram

119 2449 192 2488 hic
214 2448 337 2502 loqui
359 2448 487 2495 facit,
522 2448 594 2500 qui
623 2451 766 2499 paullo
790 2458 885 2502 post
910 2463 930 2486 a
959 2449 1048 2487 Pla
1058 2464 1136 2488 one
1170 2448 1335 2487 dicatur
1355 2466 1373 2489 ο
1401 2453 1576 2491 σιωπῶν.

121 2506 251 2546 ζΜοοι
258 2520 296 2542 m
317 2515 358 2544 et
381 2519 472 2542 cum
497 2504 687 2558 Scyboldo
710 2505 835 2544 etiam
861 2507 910 2544 T.
937 2504 978 2546 F.
1005 2505 1231 2543 Benedictus·
1254 2506 1380 2557 facit,
1415 2506 1488 2560 qui
1508 2516 1580 2546 et-

124 2563 206 2600 iam
227 2561 455 2600 lectionem
477 2563 524 2601 P.
551 2563 603 2602 ἔτι
621 2559 722 2602 πολὺ
745 2576 826 2629 pro
842 2559 1005 2603 {ninom
1028 2561 1311 2613 recipiendam
1335 2563 1506 2609 statuit,
1538 2571 1580 2601 et

128 2616 281 2656 deinde
302 2615 412 2673 μάθῃ
434 2618 657 2672 legendum
678 2632 752 2670 pro
775 2615 913 2670 μάθοι
963 2617 1100 2657 Colon
1125 2627 1261 2658 autem
1285 2619 1328 2656 in
1353 2618 1432 2659 Ed.
1454 2619 1583 2660 Rcilz.

129 2683 229 2729 post
254 2671 411 2738 Ὀρφέα
437 2675 623 2728 positum
654 2673 762 2713 idem
782 2675 832 2712 V.
858 2676 916 2713 D.
941 2674 982 2711 in
1019 2688 1176 2712 comma
1201 2676 1378 2727 mutari,
1411 2685 1451 2715 et
1471 2682 1587 2716 λακι-

132 2731 225 2774 στὸν
247 2730 332 2770 ad
321 2745 458 2784 ipsum
479 2731 736 2782 Luciauum
768 2746 854 2771 non
878 2730 929 2769 ad
951 2729 1089 2786 μόρον,
1122 2732 1267 2771 referri
1295 2736 1399 2772 vult.
1431 2734 1585 2773 meM.
