1781 3174
537 224 608 258 IN
676 214 1170 260 1³1scA'roREM.
1483 219 1585 269 577

113 329 300 381 λαγωῶν,
330 319 710 376 κολακευτικώτεροι
734 323 777 366 δὲ
794 328 876 367 ταῖν
897 322 1112 379 πιθήκων,
1144 321 1414 384 ἆσελγέστεροι
1433 333 1476 375 δὲ
1503 338 1583 378 τῶν

116 382 243 433 ὄνων,
275 378 616 437 ἁρπακτικώτεροι
629 381 670 422 δὲ
685 385 765 423 τῶν
782 386 936 436 γαλῶν,
968 381 1295 440 φιλονεικώτεροι
1315 386 1358 428 δὲ
1375 393 1454 430 τῶν
1471 388 1581 434 ‹iisn-

112 439 306 494 τρυόνων.
336 441 554 493 τοιγαροῦν
569 438 715 492 γέλωτα
731 433 1050 490 ὀφλισκάνουσιν
1058 473 1069 490 ,
1096 435 1336 495 ὠθιζόμενοι
1351 445 1414 486 ἐπὶ
1440 452 1578 494 ταῦτα.

112 498 183 538 καὶ
203 497 293 550 περὶ
315 492 386 543 τὰς
402 499 480 535 τῶν
499 497 705 536 πλουσίων
724 493 859 546 θύρας
888 490 1085 549 ἆλλήλους
1101 496 1436 552 παρωθούμενοι.
1495 505 1580 545 Pro

113 549 437 605 φιλονεικώτεροι
458 551 696 589 accuratius
716 551 853 591 scribe
872 566 966 591 cum
993 553 1232 594 Basileensi
1251 555 1580 615 φιλονεικότεροι.

112 608 224 648 Vide
252 611 373 660 plura
402 607 447 646 id
475 621 609 660 genus
639 606 874 659 sphalmata
903 622 1028 663 supra
1052 609 1130 650 lib.
1147 610 1183 649 I.
1207 626 1298 665 cap.
1327 619 1391 657 11.
1414 624 1578 660 notata,

110 664 285 704 Deinde
317 663 363 701 in
395 662 560 703 duobus
581 664 706 703 MSS.
735 664 947 719 Anglico,
980 675 1023 704 et
1043 679 1129 719 quo
1146 681 1245 706 usus
1276 679 1340 708 est
1367 670 1578 725 Graevius,

110 721 270 776 legitur
288 718 685 774 παραγκωνιζόμενοι
704 735 782 774 pro
802 718 1127 776 παρωθούμενοι.
1171 724 1412 766 Sclzoliastes
1433 728 1478 767 in
1497 744 1577 772 suo

110 778 222 816 libro
243 780 457 831 vulgatam
475 776 705 817 lectionem
724 778 906 829 reperit,
942 792 1118 832 eamque
1137 793 1213 832 per
1229 783 1580 841 παραγκωνιζόμε-

107 851 175 876 νοι
193 833 509 887 interpretatur.
568 833 660 873 Nec
682 832 854 873 videtur
871 834 974 872 satis
997 849 1189 885 caussae,
1222 852 1297 876 cur
1319 843 1496 881 alterum
1519 846 1579 883 al-

108 900 202 930 tero
223 899 444 929 censeatur
466 889 631 930 melius.
694 895 912 942 Παρωθεῖν
935 891 1157 946 Hesychius
1177 896 1361 947 exponit
1382 897 1579 952 ἐκβαλεῖν·

110 947 188 1001 qui
221 957 362 986 tamen
393 956 594 1000 corrupte
627 947 808 1001 legitur,
849 946 923 985 ubi
955 958 1039 1000 est,
1072 953 1389 1005 Παρῳὸοῦντες,
1431 955 1579 1010 ἐκβάλ-

106 1009 253 1052 λοντες.
286 1005 400 1056 Lege
423 1004 600 1042 omnino
619 1008 918 1056 παρωθοῦντες·
949 1018 1086 1060 neque
1106 1007 1219 1045 enim
1239 1011 1576 1065 παρῳδεῖνςῃίᾶ-

109 1074 234 1114 quam
260 1059 311 1098 ad
346 1057 559 1112 ἐκβάλλειν.
621 1059 749 1113 Apud
778 1059 982 1112 eundem,
1016 1059 1240 1117 Παρώσας,
1272 1066 1414 1118 ἐάσας,
1447 1068 1572 1120 ὦσας,

108 1115 294 1170 ὥθήσας,
325 1114 516 1169 ἐκβαλών,
574 1117 721 1171 Pergit
748 1117 890 1156 Noster
918 1117 964 1155 in
995 1116 1277 1176 depingendis
1300 1123 1576 1179 pseudophi-

105 1172 386 1226 losophorum
416 1173 627 1221 moribus;
669 1172 798 1227 idque
836 1173 1028 1212 omnium
1070 1175 1489 1230 impudentissimum
1521 1182 1574 1223 de

108 1231 164 1268 iis
183 1239 411 1277 memorat,
445 1229 583 1283 quod,
607 1229 684 1268 ubi
705 1229 900 1283 quotidie
928 1231 1165 1283 clamitent,
1196 1247 1239 1273 se
1262 1236 1422 1276 nullius
1453 1238 1575 1278 indi-

106 1301 228 1341 gere,
262 1286 493 1338 sapientem
515 1290 652 1325 solum
672 1301 762 1325 esse
794 1286 997 1338 divitem,
1026 1291 1174 1340 paullo
1204 1301 1307 1343 post
1329 1292 1415 1344 ipsi
1449 1309 1575 1335 acce-

105 1344 209 1382 dant
231 1341 397 1395 aliquid
416 1342 750 1392 emendicantes,
784 1352 827 1381 et
846 1342 931 1381 nisi
948 1344 1185 1397 accipiant,
1218 1348 1407 1401 graviter
1428 1349 1573 1406 indig-

103 1408 268 1438 nantes.
316 1395 441 1439 ‘'va
454 1399 526 1450 μὲν
543 1393 639 1449 οὖν,
669 1398 940 1453 persequitur
958 1400 1135 1453 Noster,
1169 1400 1319 1453 αὐτούς
1335 1422 1371 1447 τι
1389 1407 1458 1462 δέῃ
1477 1413 1573 1462 λαμ-

101 1455 264 1511 βάνειν,
295 1453 420 1504 πολῦς
452 1451 475 1496 ὁ
508 1457 598 1510 περὶ
625 1461 701 1497 τοῦ
730 1453 974 1498 κοινωνικὸν
1000 1455 1102 1498 εἶναι
1135 1461 1219 1501 δεῖν
1247 1458 1391 1516 λόγος,
1421 1465 1489 1506 καὶ
1519 1463 1573 1515 ὥς

101 1509 333 1566 ἀδιάφορον
355 1509 377 1554 ὁ
396 1515 589 1563 πλοῦτος,
618 1514 686 1554 καὶ
706 1514 743 1554 τί
757 1510 836 1568 γάρ
854 1510 897 1554 vd
914 1515 1106 1567 χρυσίον,
1138 1513 1166 1568 ἢ
1182 1513 1420 1573 τάργύριον,
1451 1518 1572 1564 οὐδὲν

99 1574 182 1612 τῶν
204 1571 246 1610 ἐν
275 1574 359 1618 τοῖς
381 1571 572 1623 αἰγιαλοῖς
601 1572 798 1622 ψηφίδων
827 1571 1043 1622 διαφέρον,·
1082 1572 1233 1612 Paullo
1267 1573 1490 1617 difficilior
1522 1579 1568 1618 in

98 1626 324 1680 postremis
356 1626 528 1665 videtur
552 1626 656 1666 haec
695 1626 833 1666 oratio
863 1625 1106 1666 intellectu:
1149 1642 1279 1682 quare
1313 1632 1569 1673 condonan-

100 1683 200 1721 dum
246 1681 493 1735 interpreti,
541 1696 708 1721 sensum
740 1696 818 1734 pro
843 1682 987 1720 lubitu
1029 1682 1236 1738 fingenti,
1278 1686 1378 1727 dum
1410 1692 1567 1743 vertit,

100 1739 209 1792 Quid
231 1741 332 1777 enim
353 1754 492 1777 aurum
516 1749 551 1777 et
573 1749 773 1790 argenium
793 1738 1033 1778 littoralibus
1064 1757 1088 1779 a
1112 1740 1262 1794 lapillis
1282 1743 1478 1800 Effrat?
1507 1748 1570 1789 Ut

96 1810 224 1834 verus
262 1794 333 1832 hic
364 1808 512 1833 sensus
553 1795 634 1843 sit,
676 1795 868 1847 corrupit
896 1805 1036 1833 tamen
1070 1798 1336 1851 elegantiam.
1397 1802 1568 1856 Lepide

95 1851 170 1890 hic
190 1859 487 1889 commemorat
510 1861 681 1898 auctor,
714 1850 930 1903 quomodo
949 1852 1013 1889 illi
1037 1852 1395 1906 philosophorum
1419 1858 1568 1900 simiae

96 1910 264 1947 soleant
284 1907 329 1944 in
350 1909 499 1945 luxum
521 1915 563 1946 et
582 1906 954 1959 intemperantiam
977 1909 1248 1962 concionari,
1281 1912 1365 1964 ipsi
1381 1913 1484 1955 licet
1501 1918 1567 1956 vi-

96 1964 170 2003 tiis
194 1963 248 2002 iis
271 1977 394 2017 quam
415 1963 599 2002 maxime
617 1962 798 2016 perditi:
833 1962 930 2004 dein
946 1996 956 2009 ,
989 1965 1225 2017 quomodo,
1256 1968 1332 2007 ubi
1349 1971 1510 2011 nullius
1522 1988 1567 2014 se

96 2021 158 2060 rei
185 2019 356 2073 indigos
379 2018 682 2072 profiteantur,
713 2028 852 2059 tamen
883 2018 1167 2074 efflagitandis
1198 2026 1442 2065 muneribus
1471 2044 1566 2068 mo-

94 2076 194 2115 lesti
216 2075 314 2117 sint,
379 2076 483 2127 Quin
504 2092 589 2114 cum
613 2092 761 2115 necesse
783 2088 859 2125 est,
895 2076 1056 2130 inquit,
1090 2089 1132 2117 ut
1158 2082 1235 2133 ipsi
1261 2081 1416 2136 aliquid
1448 2089 1567 2125 acci-

90 2136 228 2187 piant,
260 2131 394 2170 multis
421 2131 675 2185 praedicant,
709 2132 1034 2186 quemadmodum
1066 2147 1242 2188 oporteat
1258 2154 1330 2176 sua
1357 2156 1444 2178 cum
1473 2141 1567 2182 aliis

95 2191 404 2238 communicare,
446 2198 482 2226 et
515 2188 842 2242 quemadmodum
872 2189 1032 2228 divitiae
1057 2194 1135 2230 sint
1164 2210 1222 2231 res
1249 2193 1362 2233 nulla
1393 2197 1444 2234 ab
1472 2197 1565 2238 aliis

94 2246 206 2284 rebus
227 2244 450 2299 (lissei-entia
484 2244 684 2284 (lis-tincta.
750 2245 859 2297 Quid
886 2248 986 2284 enim
1006 2263 1083 2285 esse
1111 2263 1250 2287 aurum
1271 2262 1305 2288 et
1335 2265 1534 2305 argenium
1550 2287 1560 2304 ,

93 2319 171 2340 rem
189 2301 310 2340 nihilo
335 2300 573 2339 littoralibus
601 2300 753 2353 lapillis
782 2301 1031 2354 digniorem?
1059 2304 1239 2343 Possent
1268 2305 1372 2346 haec
1403 2309 1562 2350 Graeca

93 2359 220 2396 etiam
245 2357 359 2395 hunc
377 2357 422 2395 in
446 2357 617 2395 modum
639 2356 876 2411 distingui:
910 2360 990 2400 Καὶ
1010 2362 1047 2400 τί
1065 2358 1140 2413 γάρ
1166 2359 1210 2402 τὸ
1234 2366 1401 2415 χρυσίον
1422 2363 1449 2418 ἢ
1471 2363 1563 2416 τᾶρ-

91 2413 262 2468 γύριονς
295 2411 413 2455 οὐδὲν
444 2419 523 2455 τῶν
554 2414 596 2454 ἐν
625 2419 708 2462 τοῖς
736 2418 929 2467 αἰγιαλοῖς
955 2419 1153 2467 ψηφίδων
1183 2420 1392 2471 διαφέρον.
1457 2422 1564 2473 Quiri

92 2473 193 2508 enim
214 2473 263 2508 sit
284 2485 421 2509 aurum
443 2481 477 2508 et
503 2470 735 2521 argentum?
763 2471 900 2510 Mlcilo
923 2474 1103 2511 nimirum
1141 2473 1380 2516 littoralibus
1411 2477 1563 2532 lapillis

93 2525 262 2579 dignius.
294 2526 422 2564 Utsit
443 2526 727 2579 interrogatio
749 2537 789 2566 et
807 2528 1030 2580 responsio
1044 2543 1098 2567 ex
1118 2544 1297 2581 persona
1320 2533 1469 2573 itidem
1485 2535 1559 2575 ho-

91 2597 185 2620 rum
207 2582 662 2634 philosophastrorum‚
717 2583 880 2637 Utique
899 2584 1250 2639 interrogationis
1271 2588 1346 2628 illo
1369 2590 1492 2645 signo
1514 2593 1555 2630 in

91 2637 176 2676 fine
212 2648 323 2677 caret
355 2639 532 2677 omnino
566 2637 630 2676 ed.
667 2640 780 2679 Flor.
814 2640 936 2681 JENS.
1000 2641 1409 2697 Παραγκωνιζόμενοι
1435 2649 1483 2687 Α,
1507 2651 1556 2690 (ι’.

89 2695 136 2735 P.
162 2705 203 2733 et
224 2696 274 2733 L.
301 2708 375 2746 pro
400 2693 737 2748 παρωθούμενοι,
773 2697 888 2749 quod
920 2698 962 2735 in
998 2697 1119 2751 impr.
1154 2701 1351 2740 omnibus
1385 2705 1554 2758 legitur.

89 2751 188 2790 Vid.
229 2751 357 2789 etiam
398 2751 582 2792 Scholia.
615 2753 781 2795 Sor-AN.
845 2759 1123 2810 Παραγκωνιζ.
1159 2755 1201 2794 in
1229 2765 1390 2798 textum
1421 2760 1555 2812 recipi

136 2820 283 2851 Luc-ian.
313 2816 393 2850 Vol.
421 2820 491 2851 III.
1199 2812 1234 2851 O
1257 2828 1279 2853 0
