<?xml version="1.0" encoding="UTF-8"?>
<!DOCTYPE html PUBLIC "-//W3C//DTD XHTML 1.0 Transitional//EN"
    "http://www.w3.org/TR/xhtml1/DTD/xhtml1-transitional.dtd">
<html xmlns="http://www.w3.org/1999/xhtml" xml:lang="en" lang="en">
 <head>
  <title>
</title>
<meta http-equiv="Content-Type" content="text/html;charset=utf-8" />
  <meta name='ocr-system' content='tesseract 3.04.00' />
  <meta name='ocr-capabilities' content='ocr_page ocr_carea ocr_par ocr_line ocrx_word'/>
</head>
<body>
  <div class='ocr_page' id='page_1' title='image "./operagraeceetlat03luciuoft_0402.png"; bbox 0 0 1781 3174; ppageno 0'>
   <div class='ocr_carea' id='block_1_1' title="bbox 205 165 1316 211">
    <p class='ocr_par' dir='ltr' id='par_1_1' title="bbox 205 165 1316 211">
     <span class='ocr_line' id='line_1_1' title="bbox 205 165 1316 211; baseline -0.003 0"><span class='ocrx_word' id='word_1_1' title='bbox 205 165 307 211; x_wconf 81' lang='lat'><strong>376-</strong></span> <span class='ocrx_word' id='word_1_2' title='bbox 553 178 1316 209; x_wconf 64' lang='grc' dir='ltr'><em>ΑΒΝοΤΑΤιοΝΕε</em></span> 
     </span>
    </p>
   </div>
   <div class='ocr_carea' id='block_1_2' title="bbox 209 271 1670 386">
    <p class='ocr_par' dir='ltr' id='par_1_2' title="bbox 209 271 1670 386">
     <span class='ocr_line' id='line_1_2' title="bbox 320 271 1670 331; baseline 0.001 -15"><span class='ocrx_word' id='word_1_3' title='bbox 320 275 422 319; x_wconf 74' lang='grc' dir='ltr'><em>Εαᾶ.</em></span> <span class='ocrx_word' id='word_1_4' title='bbox 440 278 468 316; x_wconf 91' lang='grc'><em>1.</em></span> <span class='ocrx_word' id='word_1_5' title='bbox 486 279 528 319; x_wconf 85' lang='grc'><em>9.</em></span> <span class='ocrx_word' id='word_1_6' title='bbox 566 273 649 317; x_wconf 77' lang='grc' dir='ltr'><em>Οὐκ</em></span> <span class='ocrx_word' id='word_1_7' title='bbox 674 271 762 316; x_wconf 71' lang='grc' dir='ltr'><strong><em>ἀλλ’</em></strong></span> <span class='ocrx_word' id='word_1_8' title='bbox 782 276 890 328; x_wconf 86' lang='lat' dir='ltr'><strong>etc.)</strong></span> <span class='ocrx_word' id='word_1_9' title='bbox 921 276 990 314; x_wconf 81' lang='lat' dir='ltr'><em>Ex</em></span> <span class='ocrx_word' id='word_1_10' title='bbox 1010 275 1200 331; x_wconf 75' lang='lat' dir='ltr'><strong><em>Euripide</em></strong></span> <span class='ocrx_word' id='word_1_11' title='bbox 1224 276 1405 330; x_wconf 76' lang='lat' dir='ltr'><em>iterum3</em></span> <span class='ocrx_word' id='word_1_12' title='bbox 1444 274 1516 317; x_wconf 86' lang='lat' dir='ltr'><em>sed</em></span> <span class='ocrx_word' id='word_1_13' title='bbox 1548 279 1670 317; x_wconf 85' lang='lat' dir='ltr'><em>locus</em></span> 
     </span>
     <span class='ocr_line' id='line_1_3' title="bbox 209 330 1011 386; baseline -0.004 -13"><span class='ocrx_word' id='word_1_14' title='bbox 209 342 284 374; x_wconf 79' lang='lat' dir='ltr'><em>aut</em></span> <span class='ocrx_word' id='word_1_15' title='bbox 304 333 436 386; x_wconf 89' lang='lat' dir='ltr'><em>periit</em></span> <span class='ocrx_word' id='word_1_16' title='bbox 451 363 464 381; x_wconf 89' lang='lat'>‚</span> <span class='ocrx_word' id='word_1_17' title='bbox 497 342 572 371; x_wconf 87' lang='lat' dir='ltr'><em>aut</em></span> <span class='ocrx_word' id='word_1_18' title='bbox 591 346 656 371; x_wconf 86' lang='lat' dir='ltr'><em>me</em></span> <span class='ocrx_word' id='word_1_19' title='bbox 678 331 808 386; x_wconf 85' lang='lat' dir='ltr'><em>fugit.</em></span> <span class='ocrx_word' id='word_1_20' title='bbox 839 330 1011 375; x_wconf 66' lang='lat' dir='ltr'><strong>SonAN.</strong></span> 
     </span>
    </p>
   </div>
   <div class='ocr_carea' id='block_1_3' title="bbox 211 406 1680 1310">
    <p class='ocr_par' dir='ltr' id='par_1_3' title="bbox 323 406 1672 466">
     <span class='ocr_line' id='line_1_4' title="bbox 323 406 1672 466; baseline 0.001 -15"><span class='ocrx_word' id='word_1_21' title='bbox 323 411 433 453; x_wconf 72' lang='grc' dir='ltr'><em>Ῑόἱᾶ.</em></span> <span class='ocrx_word' id='word_1_22' title='bbox 457 406 592 464; x_wconf 76' lang='grc' dir='ltr'><em>Ἀΐὸης</em></span> <span class='ocrx_word' id='word_1_23' title='bbox 610 408 656 464; x_wconf 73' lang='grc' dir='ltr'><em>μ’</em></span> <span class='ocrx_word' id='word_1_24' title='bbox 675 407 860 466; x_wconf 77' lang='grc' dir='ltr'><strong><em>ἐδέξατο)</em></strong></span> <span class='ocrx_word' id='word_1_25' title='bbox 892 411 1031 464; x_wconf 80' lang='lat' dir='ltr'><em>Ipsius</em></span> <span class='ocrx_word' id='word_1_26' title='bbox 1055 412 1258 466; x_wconf 74' lang='lat' dir='ltr'><strong><em>Euripidis</em></strong></span> <span class='ocrx_word' id='word_1_27' title='bbox 1284 411 1543 452; x_wconf 76' lang='lat' dir='ltr'><strong>versiculus:</strong></span> <span class='ocrx_word' id='word_1_28' title='bbox 1573 413 1672 452; x_wconf 79' lang='lat' dir='ltr'><em>etis</em></span> 
     </span>
    </p>

    <p class='ocr_par' dir='ltr' id='par_1_4' title="bbox 212 465 1672 563">
     <span class='ocr_line' id='line_1_5' title="bbox 212 465 1672 563; baseline 0.002 -56"><span class='ocrx_word' id='word_1_29' title='bbox 212 481 407 563; x_wconf 59' lang='lat' dir='ltr'><em>guoque,</em></span> <span class='ocrx_word' id='word_1_30' title='bbox 455 469 522 510; x_wconf 79' lang='grc' dir='ltr'><em>καὶ</em></span> <span class='ocrx_word' id='word_1_31' title='bbox 555 465 715 520; x_wconf 76' lang='grc' dir='ltr'><strong><em>θράσος</em></strong></span> <span class='ocrx_word' id='word_1_32' title='bbox 740 471 816 510; x_wconf 79' lang='grc' dir='ltr'><em>τοῦ</em></span> <span class='ocrx_word' id='word_1_33' title='bbox 841 467 935 509; x_wconf 83' lang='grc' dir='ltr'><strong><em>νέου</em></strong></span> <span class='ocrx_word' id='word_1_34' title='bbox 969 466 1071 522; x_wconf 82' lang='grc' dir='ltr'><em>(τῆς</em></span> <span class='ocrx_word' id='word_1_35' title='bbox 1099 471 1310 523; x_wconf 82' lang='grc' dir='ltr'><strong><em>νέοτητος)</em></strong></span> <span class='ocrx_word' id='word_1_36' title='bbox 1351 470 1485 511; x_wconf 84' lang='grc' dir='ltr'><strong><em>πλέον.</em></strong></span> <span class='ocrx_word' id='word_1_37' title='bbox 1525 470 1672 510; x_wconf 77' lang='lat' dir='ltr'><strong>Bnon.</strong></span> 
     </span>
    </p>

    <p class='ocr_par' dir='ltr' id='par_1_5' title="bbox 211 519 1678 691">
     <span class='ocr_line' id='line_1_6' title="bbox 240 519 1678 577; baseline 0.001 -14"><span class='ocrx_word' id='word_1_38' title='bbox 240 523 492 577; x_wconf 13' lang='lat' dir='ltr'><em>&#39;exibendum</em></span> <span class='ocrx_word' id='word_1_39' title='bbox 541 523 714 564; x_wconf 79' lang='lat' dir='ltr'><em>videtur</em></span> <span class='ocrx_word' id='word_1_40' title='bbox 752 519 985 576; x_wconf 75' lang='grc' dir='ltr'><strong><em>Ἀϊδονεῦς,</em></strong></span> <span class='ocrx_word' id='word_1_41' title='bbox 1041 534 1089 563; x_wconf 87' lang='lat' dir='ltr'><em>ut</em></span> <span class='ocrx_word' id='word_1_42' title='bbox 1123 534 1206 565; x_wconf 85' lang='lat' dir='ltr'><em>stet</em></span> <span class='ocrx_word' id='word_1_43' title='bbox 1230 525 1435 566; x_wconf 76' lang='lat' dir='ltr'><em>senarius.</em></span> <span class='ocrx_word' id='word_1_44' title='bbox 1493 526 1678 565; x_wconf 62' lang='lat' dir='ltr'><strong>Gurza-.-</strong></span> 
     </span>
     <span class='ocr_line' id='line_1_7' title="bbox 211 581 1678 636; baseline 0 -16"><span class='ocrx_word' id='word_1_45' title='bbox 211 581 400 631; x_wconf 85' lang='lat' dir='ltr'><em>Nullum</em></span> <span class='ocrx_word' id='word_1_46' title='bbox 415 591 555 620; x_wconf 85' lang='lat' dir='ltr'><em>tamen</em></span> <span class='ocrx_word' id='word_1_47' title='bbox 575 594 754 634; x_wconf 86' lang='lat' dir='ltr'>usquam</span> <span class='ocrx_word' id='word_1_48' title='bbox 773 581 902 635; x_wconf 86' lang='lat' dir='ltr'><em>hujus</em></span> <span class='ocrx_word' id='word_1_49' title='bbox 921 581 1193 635; x_wconf 80' lang='lat' dir='ltr'><strong>scriptionis,</strong></span> <span class='ocrx_word' id='word_1_50' title='bbox 1223 581 1327 622; x_wconf 86' lang='lat' dir='ltr'><em>licet</em></span> <span class='ocrx_word' id='word_1_51' title='bbox 1348 596 1438 622; x_wconf 88' lang='lat' dir='ltr'><em>non</em></span> <span class='ocrx_word' id='word_1_52' title='bbox 1466 581 1678 636; x_wconf 83' lang='lat' dir='ltr'><em>improba·</em></span> 
     </span>
     <span class='ocr_line' id='line_1_8' title="bbox 212 636 806 691; baseline 0.003 -16"><span class='ocrx_word' id='word_1_53' title='bbox 212 636 338 687; x_wconf 85' lang='lat' dir='ltr'><em>bilis,</em></span> <span class='ocrx_word' id='word_1_54' title='bbox 373 636 614 691; x_wconf 83' lang='lat' dir='ltr'><em>vestigium.</em></span> <span class='ocrx_word' id='word_1_55' title='bbox 645 637 806 677; x_wconf 74' lang='lat' dir='ltr'><strong>LEHM.</strong></span> 
     </span>
    </p>

    <p class='ocr_par' dir='ltr' id='par_1_6' title="bbox 213 691 1679 862">
     <span class='ocr_line' id='line_1_9' title="bbox 325 691 1678 747; baseline 0.006 -17"><span class='ocrx_word' id='word_1_56' title='bbox 325 691 435 731; x_wconf 68' lang='lat' dir='ltr'><strong>Eud.</strong></span> <span class='ocrx_word' id='word_1_57' title='bbox 453 695 482 731; x_wconf 85' lang='lat'><strong>1.</strong></span> <span class='ocrx_word' id='word_1_58' title='bbox 510 698 576 736; x_wconf 80' lang='lat'><em>12.</em></span> <span class='ocrx_word' id='word_1_59' title='bbox 610 691 765 747; x_wconf 70' lang='grc' dir='ltr'><strong><em>Νεότης</em></strong></span> <span class='ocrx_word' id='word_1_60' title='bbox 793 716 848 725; x_wconf 91' lang='grc'>-</span> <span class='ocrx_word' id='word_1_61' title='bbox 877 699 952 737; x_wconf 78' lang='grc' dir='ltr'><em>τοῦ·</em></span> <span class='ocrx_word' id='word_1_62' title='bbox 967 695 1091 746; x_wconf 80' lang='grc' dir='ltr'><strong><em>νέου)</em></strong></span> <span class='ocrx_word' id='word_1_63' title='bbox 1123 696 1183 734; x_wconf 90' lang='lat' dir='ltr'><em>Et</em></span> <span class='ocrx_word' id='word_1_64' title='bbox 1199 694 1274 735; x_wconf 73' lang='lat' dir='ltr'><em>hio</em></span> <span class='ocrx_word' id='word_1_65' title='bbox 1304 695 1494 734; x_wconf 81' lang='lat' dir='ltr'><em>senarius</em></span> <span class='ocrx_word' id='word_1_66' title='bbox 1514 705 1602 736; x_wconf 79' lang='lat' dir='ltr'><em>est:</em></span> <span class='ocrx_word' id='word_1_67' title='bbox 1631 692 1678 738; x_wconf 81' lang='grc' dir='ltr'><strong><em>τό</em></strong></span> 
     </span>
     <span class='ocr_line' id='line_1_10' title="bbox 213 750 1679 806; baseline 0 -16"><span class='ocrx_word' id='word_1_68' title='bbox 213 753 294 790; x_wconf 78' lang='grc' dir='ltr'><strong><em>νοῦ</em></strong></span> <span class='ocrx_word' id='word_1_69' title='bbox 309 751 502 801; x_wconf 86' lang='lat' dir='ltr'><em>postulat</em></span> <span class='ocrx_word' id='word_1_70' title='bbox 522 750 711 788; x_wconf 81' lang='lat' dir='ltr'><em>senarius</em></span> <span class='ocrx_word' id='word_1_71' title='bbox 732 760 776 789; x_wconf 83' lang='lat' dir='ltr'><em>et</em></span> <span class='ocrx_word' id='word_1_72' title='bbox 803 752 1016 791; x_wconf 83' lang='lat' dir='ltr'><em>sententia</em></span> <span class='ocrx_word' id='word_1_73' title='bbox 1043 761 1272 805; x_wconf 85' lang='lat' dir='ltr'><em>praeterea.</em></span> <span class='ocrx_word' id='word_1_74' title='bbox 1304 752 1480 794; x_wconf 80' lang='lat' dir='ltr'><strong>GUYET.</strong></span> <span class='ocrx_word' id='word_1_75' title='bbox 1503 788 1505 790; x_wconf 77' lang='grc'>,</span> <span class='ocrx_word' id='word_1_76' title='bbox 1541 752 1679 806; x_wconf 84' lang='lat' dir='ltr'><em>Frag-</em></span> 
     </span>
     <span class='ocr_line' id='line_1_11' title="bbox 213 804 1479 862; baseline 0.002 -19"><span class='ocrx_word' id='word_1_77' title='bbox 213 813 402 844; x_wconf 84' lang='lat' dir='ltr'><strong>mentum</strong></span> <span class='ocrx_word' id='word_1_78' title='bbox 422 804 718 847; x_wconf 82' lang='lat' dir='ltr'>Andromedae</span> <span class='ocrx_word' id='word_1_79' title='bbox 737 806 938 862; x_wconf 71' lang='lat' dir='ltr'><em>Euripidis</em></span> <span class='ocrx_word' id='word_1_80' title='bbox 957 813 997 861; x_wconf 74' lang='grc' dir='ltr'><em>Ρ.</em></span> <span class='ocrx_word' id='word_1_81' title='bbox 1022 812 1118 853; x_wconf 84' lang='grc'><strong>451.</strong></span> <span class='ocrx_word' id='word_1_82' title='bbox 1140 823 1179 847; x_wconf 91' lang='lat' dir='ltr'><em>v.</em></span> <span class='ocrx_word' id='word_1_83' title='bbox 1200 814 1270 853; x_wconf 78' lang='lat'><em>23.</em></span> <span class='ocrx_word' id='word_1_84' title='bbox 1311 809 1479 847; x_wconf 79' lang='lat' dir='ltr'><strong>SOLAN.</strong></span> 
     </span>
    </p>

    <p class='ocr_par' dir='ltr' id='par_1_7' title="bbox 212 859 1680 1310">
     <span class='ocr_line' id='line_1_12' title="bbox 328 859 1679 920; baseline 0.004 -22"><span class='ocrx_word' id='word_1_85' title='bbox 328 859 436 901; x_wconf 67' lang='lat' dir='ltr'><em>Ibid.</em></span> <span class='ocrx_word' id='word_1_86' title='bbox 475 866 555 904; x_wconf 83' lang='grc' dir='ltr'><em>Τοῦ</em></span> <span class='ocrx_word' id='word_1_87' title='bbox 575 864 670 905; x_wconf 89' lang='grc' dir='ltr'><strong><em>νέου</em></strong></span> <span class='ocrx_word' id='word_1_88' title='bbox 690 865 840 914; x_wconf 80' lang='grc' dir='ltr'><strong><em>πλέον)</em></strong></span> <span class='ocrx_word' id='word_1_89' title='bbox 873 865 954 907; x_wconf 83' lang='grc' dir='ltr'><em>Καὶ</em></span> <span class='ocrx_word' id='word_1_90' title='bbox 981 864 1139 920; x_wconf 73' lang='grc' dir='ltr'><strong><em>θράσος</em></strong></span> <span class='ocrx_word' id='word_1_91' title='bbox 1159 870 1235 906; x_wconf 75' lang='grc' dir='ltr'><em>τοῦ</em></span> <span class='ocrx_word' id='word_1_92' title='bbox 1252 863 1353 908; x_wconf 85' lang='grc' dir='ltr'><strong><em>νόου</em></strong></span> <span class='ocrx_word' id='word_1_93' title='bbox 1372 866 1506 907; x_wconf 85' lang='grc' dir='ltr'><strong><em>πλέον.</em></strong></span> <span class='ocrx_word' id='word_1_94' title='bbox 1545 865 1679 904; x_wconf 76' lang='lat' dir='ltr'>MAR-</span> 
     </span>
     <span class='ocr_line' id='line_1_13' title="bbox 217 917 1679 977; baseline 0.004 -21"><span class='ocrx_word' id='word_1_95' title='bbox 217 928 309 957; x_wconf 66' lang='lat' dir='ltr'><strong>cu..</strong></span> <span class='ocrx_word' id='word_1_96' title='bbox 368 917 422 956; x_wconf 87' lang='lat' dir='ltr'><em>In</em></span> <span class='ocrx_word' id='word_1_97' title='bbox 444 917 528 957; x_wconf 86' lang='lat' dir='ltr'><em>hoc</em></span> <span class='ocrx_word' id='word_1_98' title='bbox 554 934 673 958; x_wconf 82' lang='lat' dir='ltr'><em>versu</em></span> <span class='ocrx_word' id='word_1_99' title='bbox 698 921 884 974; x_wconf 76' lang='lat' dir='ltr'><em>Tragici,</em></span> <span class='ocrx_word' id='word_1_100' title='bbox 919 918 1076 972; x_wconf 75' lang='grc' dir='ltr'><strong><em>Νεότης</em></strong></span> <span class='ocrx_word' id='word_1_101' title='bbox 1094 919 1138 974; x_wconf 84' lang='grc' dir='ltr'><em>μ’</em></span> <span class='ocrx_word' id='word_1_102' title='bbox 1156 923 1301 977; x_wconf 78' lang='grc' dir='ltr'><strong><em>ἐπῇρε,</em></strong></span> <span class='ocrx_word' id='word_1_103' title='bbox 1330 922 1399 962; x_wconf 80' lang='grc' dir='ltr'><em>καὶ</em></span> <span class='ocrx_word' id='word_1_104' title='bbox 1415 919 1575 976; x_wconf 79' lang='grc' dir='ltr'><strong><em>θράσος</em></strong></span> <span class='ocrx_word' id='word_1_105' title='bbox 1603 925 1679 963; x_wconf 82' lang='grc' dir='ltr'><em>τοῦ</em></span> 
     </span>
     <span class='ocr_line' id='line_1_14' title="bbox 213 973 1678 1034; baseline 0.001 -18"><span class='ocrx_word' id='word_1_106' title='bbox 213 974 309 1016; x_wconf 87' lang='grc' dir='ltr'><strong><em>νέου</em></strong></span> <span class='ocrx_word' id='word_1_107' title='bbox 329 975 473 1024; x_wconf 80' lang='grc' dir='ltr'><strong><em>πλέον,</em></strong></span> <span class='ocrx_word' id='word_1_108' title='bbox 505 978 599 1029; x_wconf 80' lang='lat' dir='ltr'><em>lege</em></span> <span class='ocrx_word' id='word_1_109' title='bbox 622 990 674 1014; x_wconf 75' lang='lat' dir='ltr'><em>ex</em></span> <span class='ocrx_word' id='word_1_110' title='bbox 695 977 782 1017; x_wconf 84' lang='lat' dir='ltr'><strong>Ms.</strong></span> <span class='ocrx_word' id='word_1_111' title='bbox 811 973 970 1031; x_wconf 78' lang='grc' dir='ltr'><strong><em>Νεότης</em></strong></span> <span class='ocrx_word' id='word_1_112' title='bbox 993 975 1035 1031; x_wconf 78' lang='grc' dir='ltr'><em>μ’</em></span> <span class='ocrx_word' id='word_1_113' title='bbox 1057 980 1194 1034; x_wconf 75' lang='grc' dir='ltr'><strong><em>ἐπῇρε,</em></strong></span> <span class='ocrx_word' id='word_1_114' title='bbox 1226 979 1294 1019; x_wconf 77' lang='grc' dir='ltr'><em>καὶ</em></span> <span class='ocrx_word' id='word_1_115' title='bbox 1315 975 1472 1031; x_wconf 73' lang='grc' dir='ltr'><strong><em>θράσος</em></strong></span> <span class='ocrx_word' id='word_1_116' title='bbox 1497 982 1572 1019; x_wconf 86' lang='grc' dir='ltr'><em>τοῦ</em></span> <span class='ocrx_word' id='word_1_117' title='bbox 1597 981 1678 1019; x_wconf 78' lang='grc' dir='ltr'><strong><em>νοῦ</em></strong></span> 
     </span>
     <span class='ocr_line' id='line_1_15' title="bbox 212 1031 1676 1087; baseline 0.002 -16"><span class='ocrx_word' id='word_1_118' title='bbox 212 1031 347 1085; x_wconf 72' lang='grc' dir='ltr'><strong><em>πλέον.</em></strong></span> <span class='ocrx_word' id='word_1_119' title='bbox 378 1031 544 1072; x_wconf 71' lang='lat' dir='ltr'><em>Novitas</em></span> <span class='ocrx_word' id='word_1_120' title='bbox 562 1034 617 1070; x_wconf 85' lang='lat' dir='ltr'><em>rei</em></span> <span class='ocrx_word' id='word_1_121' title='bbox 634 1049 694 1070; x_wconf 85' lang='lat' dir='ltr'><em>me</em></span> <span class='ocrx_word' id='word_1_122' title='bbox 709 1034 900 1083; x_wconf 70' lang='lat' dir='ltr'><em>incitavit,</em></span> <span class='ocrx_word' id='word_1_123' title='bbox 917 1045 952 1073; x_wconf 80' lang='lat' dir='ltr'><em>et</em></span> <span class='ocrx_word' id='word_1_124' title='bbox 968 1034 1141 1074; x_wconf 77' lang='lat' dir='ltr'><em>audacia</em></span> <span class='ocrx_word' id='word_1_125' title='bbox 1153 1036 1308 1073; x_wconf 77' lang='lat' dir='ltr'><em>animae</em></span> <span class='ocrx_word' id='word_1_126' title='bbox 1324 1037 1464 1087; x_wconf 72' lang='lat' dir='ltr'><em>magis.</em></span> <span class='ocrx_word' id='word_1_127' title='bbox 1498 1034 1676 1074; x_wconf 73' lang='lat' dir='ltr'><strong>GRAEV.</strong></span> 
     </span>
     <span class='ocr_line' id='line_1_16' title="bbox 220 1085 1678 1142; baseline -0.001 -14"><span class='ocrx_word' id='word_1_128' title='bbox 220 1091 307 1129; x_wconf 78' lang='grc' dir='ltr'><em>Τοῦ</em></span> <span class='ocrx_word' id='word_1_129' title='bbox 324 1091 403 1129; x_wconf 77' lang='grc' dir='ltr'><strong><em>νοῦ</em></strong></span> <span class='ocrx_word' id='word_1_130' title='bbox 423 1087 600 1127; x_wconf 85' lang='lat' dir='ltr'><em>omnino</em></span> <span class='ocrx_word' id='word_1_131' title='bbox 616 1085 842 1142; x_wconf 74' lang='lat' dir='ltr'><em>legeudum</em></span> <span class='ocrx_word' id='word_1_132' title='bbox 865 1105 957 1129; x_wconf 85' lang='lat' dir='ltr'><em>cum</em></span> <span class='ocrx_word' id='word_1_133' title='bbox 981 1090 1047 1132; x_wconf 88' lang='lat' dir='ltr'><em>ed.</em></span> <span class='ocrx_word' id='word_1_134' title='bbox 1070 1091 1107 1132; x_wconf 89' lang='lat' dir='ltr'><em>J.</em></span> <span class='ocrx_word' id='word_1_135' title='bbox 1130 1100 1172 1130; x_wconf 83' lang='lat' dir='ltr'><em>et</em></span> <span class='ocrx_word' id='word_1_136' title='bbox 1193 1092 1299 1129; x_wconf 71' lang='lat' dir='ltr'><em>NIss.</em></span> <span class='ocrx_word' id='word_1_137' title='bbox 1327 1091 1398 1129; x_wconf 89' lang='lat' dir='ltr'><em>Gr.</em></span> <span class='ocrx_word' id='word_1_138' title='bbox 1422 1091 1469 1130; x_wconf 88' lang='lat' dir='ltr'><em>P.</em></span> <span class='ocrx_word' id='word_1_139' title='bbox 1489 1091 1544 1130; x_wconf 87' lang='lat' dir='ltr'><em>L.</em></span> <span class='ocrx_word' id='word_1_140' title='bbox 1585 1090 1678 1128; x_wconf 88' lang='lat' dir='ltr'><em>Alii</em></span> 
     </span>
     <span class='ocr_line' id='line_1_17' title="bbox 217 1142 1677 1200; baseline 0.001 -18"><span class='ocrx_word' id='word_1_141' title='bbox 217 1157 361 1183; x_wconf 85' lang='lat' dir='ltr'><em>omnes</em></span> <span class='ocrx_word' id='word_1_142' title='bbox 384 1142 520 1183; x_wconf 75' lang='lat' dir='ltr'><em>codd.</em></span> <span class='ocrx_word' id='word_1_143' title='bbox 542 1144 742 1184; x_wconf 84' lang='lat' dir='ltr'><strong>mendose</strong></span> <span class='ocrx_word' id='word_1_144' title='bbox 761 1155 836 1186; x_wconf 91' lang='lat' dir='ltr'><em>aut</em></span> <span class='ocrx_word' id='word_1_145' title='bbox 854 1151 925 1188; x_wconf 80' lang='grc' dir='ltr'><em>τοῦ</em></span> <span class='ocrx_word' id='word_1_146' title='bbox 945 1149 1053 1199; x_wconf 86' lang='grc' dir='ltr'><strong><em>νέου,</em></strong></span> <span class='ocrx_word' id='word_1_147' title='bbox 1085 1158 1160 1186; x_wconf 88' lang='lat' dir='ltr'><em>aut</em></span> <span class='ocrx_word' id='word_1_148' title='bbox 1175 1152 1252 1189; x_wconf 77' lang='grc' dir='ltr'><em>τοῦ</em></span> <span class='ocrx_word' id='word_1_149' title='bbox 1270 1151 1378 1190; x_wconf 82' lang='grc' dir='ltr'><strong><em>νεοῦ.</em></strong></span> <span class='ocrx_word' id='word_1_150' title='bbox 1401 1145 1677 1200; x_wconf 87' lang='lat' dir='ltr'><em>Repudiavi-</em></span> 
     </span>
     <span class='ocr_line' id='line_1_18' title="bbox 215 1199 1680 1251; baseline 0.005 -15"><span class='ocrx_word' id='word_1_151' title='bbox 215 1213 308 1237; x_wconf 89' lang='lat' dir='ltr'><em>mus</em></span> <span class='ocrx_word' id='word_1_152' title='bbox 331 1208 469 1238; x_wconf 80' lang='lat' dir='ltr'><em>autem</em></span> <span class='ocrx_word' id='word_1_153' title='bbox 491 1199 652 1251; x_wconf 71' lang='grc' dir='ltr'><strong><em>θράσον</em></strong></span> <span class='ocrx_word' id='word_1_154' title='bbox 677 1202 762 1242; x_wconf 81' lang='lat' dir='ltr'><em>Ms.</em></span> <span class='ocrx_word' id='word_1_155' title='bbox 796 1203 869 1244; x_wconf 88' lang='lat' dir='ltr'><strong>Gr.</strong></span> <span class='ocrx_word' id='word_1_156' title='bbox 891 1212 940 1243; x_wconf 92' lang='lat' dir='ltr'><em>ut</em></span> <span class='ocrx_word' id='word_1_157' title='bbox 965 1203 1214 1245; x_wconf 86' lang='lat' dir='ltr'><em>mendosum</em></span> <span class='ocrx_word' id='word_1_158' title='bbox 1245 1204 1484 1243; x_wconf 86' lang='lat' dir='ltr'><em>manifeste.</em></span> <span class='ocrx_word' id='word_1_159' title='bbox 1543 1203 1680 1244; x_wconf 75' lang='lat' dir='ltr'><em>Recto</em></span> 
     </span>
     <span class='ocr_line' id='line_1_19' title="bbox 213 1255 1207 1310; baseline 0.007 -16"><span class='ocrx_word' id='word_1_160' title='bbox 213 1256 372 1310; x_wconf 80' lang='lat' dir='ltr'><em>legitur</em></span> <span class='ocrx_word' id='word_1_161' title='bbox 390 1255 503 1308; x_wconf 82' lang='lat' dir='ltr'><em>apud</em></span> <span class='ocrx_word' id='word_1_162' title='bbox 532 1256 642 1298; x_wconf 84' lang='lat' dir='ltr'><strong>Grot.</strong></span> <span class='ocrx_word' id='word_1_163' title='bbox 666 1258 779 1297; x_wconf 86' lang='lat' dir='ltr'><em>Flor.</em></span> <span class='ocrx_word' id='word_1_164' title='bbox 799 1265 898 1303; x_wconf 80' lang='lat'><strong>201.</strong></span> <span class='ocrx_word' id='word_1_165' title='bbox 916 1260 1004 1300; x_wconf 89' lang='lat' dir='ltr'><em>AB.</em></span> <span class='ocrx_word' id='word_1_166' title='bbox 1037 1261 1207 1301; x_wconf 76' lang='lat' dir='ltr'><strong>SOLAN.</strong></span> 
     </span>
    </p>
   </div>
   <div class='ocr_carea' id='block_1_4' title="bbox 206 1333 1691 2179">
    <p class='ocr_par' dir='ltr' id='par_1_8' title="bbox 206 1333 1691 2064">
     <span class='ocr_line' id='line_1_20' title="bbox 329 1333 1677 1393; baseline 0.001 -18"><span class='ocrx_word' id='word_1_167' title='bbox 329 1333 428 1388; x_wconf 72' lang='lat' dir='ltr'><strong>Pag.</strong></span> <span class='ocrx_word' id='word_1_168' title='bbox 451 1336 492 1378; x_wconf 89' lang='lat'><em>5.</em></span> <span class='ocrx_word' id='word_1_169' title='bbox 510 1336 539 1375; x_wconf 88' lang='lat' dir='ltr'><strong>l.</strong></span> <span class='ocrx_word' id='word_1_170' title='bbox 567 1340 603 1378; x_wconf 91' lang='lat'><em>1.</em></span> <span class='ocrx_word' id='word_1_171' title='bbox 639 1337 829 1391; x_wconf 75' lang='grc' dir='ltr'><strong><em>Καταβᾶς</em></strong></span> <span class='ocrx_word' id='word_1_172' title='bbox 856 1335 937 1380; x_wconf 64' lang='lat' dir='ltr'><em>dn&amp;</em></span> <span class='ocrx_word' id='word_1_173' title='bbox 964 1344 1043 1381; x_wconf 77' lang='grc' dir='ltr'><strong><em>τῶν</em></strong></span> <span class='ocrx_word' id='word_1_174' title='bbox 1071 1340 1284 1393; x_wconf 83' lang='grc' dir='ltr'><strong><em>ἰαμβείων)</em></strong></span> <span class='ocrx_word' id='word_1_175' title='bbox 1329 1337 1450 1393; x_wconf 84' lang='lat' dir='ltr'><em>Quos</em></span> <span class='ocrx_word' id='word_1_176' title='bbox 1476 1338 1522 1375; x_wconf 91' lang='lat' dir='ltr'><em>in</em></span> <span class='ocrx_word' id='word_1_177' title='bbox 1552 1351 1677 1376; x_wconf 84' lang='lat' dir='ltr'><em>scena</em></span> 
     </span>
     <span class='ocr_line' id='line_1_21' title="bbox 206 1391 1679 1444; baseline 0.002 -16"><span class='ocrx_word' id='word_1_178' title='bbox 206 1391 482 1444; x_wconf 72' lang='lat' dir='ltr'><em>,proferentes</em></span> <span class='ocrx_word' id='word_1_179' title='bbox 511 1391 743 1432; x_wconf 81' lang='lat' dir='ltr'><em>histriones</em></span> <span class='ocrx_word' id='word_1_180' title='bbox 768 1394 993 1434; x_wconf 80' lang='lat' dir='ltr'><em>altioribus</em></span> <span class='ocrx_word' id='word_1_181' title='bbox 1025 1396 1247 1434; x_wconf 83' lang='lat' dir='ltr'>cothurnis</span> <span class='ocrx_word' id='word_1_182' title='bbox 1280 1394 1504 1434; x_wconf 87' lang='lat' dir='ltr'><em>incedunt.</em></span> <span class='ocrx_word' id='word_1_183' title='bbox 1534 1394 1679 1432; x_wconf 76' lang='lat' dir='ltr'><strong>Bnon.</strong></span> 
     </span>
     <span class='ocr_line' id='line_1_22' title="bbox 213 1445 1681 1506; baseline -0.003 -15"><span class='ocrx_word' id='word_1_184' title='bbox 213 1445 342 1500; x_wconf 71' lang='lat' dir='ltr'><strong>Apul.</strong></span> <span class='ocrx_word' id='word_1_185' title='bbox 365 1448 544 1488; x_wconf 81' lang='lat' dir='ltr'><strong>Metam.</strong></span> <span class='ocrx_word' id='word_1_186' title='bbox 564 1448 598 1489; x_wconf 88' lang='grc' dir='ltr'><em>Ι.</em></span> <span class='ocrx_word' id='word_1_187' title='bbox 619 1463 659 1501; x_wconf 84' lang='lat' dir='ltr'><em>p.</em></span> <span class='ocrx_word' id='word_1_188' title='bbox 680 1454 720 1492; x_wconf 89' lang='grc'><em>7.</em></span> <span class='ocrx_word' id='word_1_189' title='bbox 766 1450 867 1491; x_wconf 87' lang='lat' dir='ltr'><em>-Oro</em></span> <span class='ocrx_word' id='word_1_190' title='bbox 886 1461 942 1501; x_wconf 72' lang='lat' dir='ltr'><em>te,</em></span> <span class='ocrx_word' id='word_1_191' title='bbox 975 1454 1158 1506; x_wconf 77' lang='lat' dir='ltr'><em>inquam,</em></span> <span class='ocrx_word' id='word_1_192' title='bbox 1191 1451 1372 1491; x_wconf 81' lang='lat' dir='ltr'><em>aulaeum</em></span> <span class='ocrx_word' id='word_1_193' title='bbox 1392 1453 1587 1502; x_wconf 76' lang='lat' dir='ltr'><em>tragicum</em></span> <span class='ocrx_word' id='word_1_194' title='bbox 1609 1450 1681 1488; x_wconf 80' lang='lat' dir='ltr'><em>cli-</em></span> 
     </span>
     <span class='ocr_line' id='line_1_23' title="bbox 212 1506 1682 1563; baseline 0.003 -23"><span class='ocrx_word' id='word_1_195' title='bbox 212 1507 386 1553; x_wconf 81' lang='lat' dir='ltr'><em>m&#39;oveto,</em></span> <span class='ocrx_word' id='word_1_196' title='bbox 420 1513 455 1542; x_wconf 79' lang='lat' dir='ltr'><em>et</em></span> <span class='ocrx_word' id='word_1_197' title='bbox 473 1506 664 1557; x_wconf 80' lang='lat' dir='ltr'><em>siparium</em></span> <span class='ocrx_word' id='word_1_198' title='bbox 696 1511 890 1546; x_wconf 78' lang='lat' dir='ltr'><em>scenicum</em></span> <span class='ocrx_word' id='word_1_199' title='bbox 923 1508 1184 1563; x_wconf 72' lang='lat' dir='ltr'><em>complicum,</em></span> <span class='ocrx_word' id='word_1_200' title='bbox 1217 1518 1253 1547; x_wconf 80' lang='lat' dir='ltr'><em>et</em></span> <span class='ocrx_word' id='word_1_201' title='bbox 1283 1507 1377 1547; x_wconf 70' lang='lat' dir='ltr'><em>cedo</em></span> <span class='ocrx_word' id='word_1_202' title='bbox 1409 1507 1533 1545; x_wconf 78' lang='lat' dir='ltr'><em>verbis</em></span> <span class='ocrx_word' id='word_1_203' title='bbox 1566 1523 1682 1546; x_wconf 78' lang='lat' dir='ltr'><em>com-</em></span> 
     </span>
     <span class='ocr_line' id='line_1_24' title="bbox 214 1559 1682 1617; baseline 0.001 -18"><span class='ocrx_word' id='word_1_204' title='bbox 214 1559 423 1606; x_wconf 68' lang='lat' dir='ltr'><em>munibus:</em></span> <span class='ocrx_word' id='word_1_205' title='bbox 454 1559 516 1598; x_wconf 86' lang='lat' dir='ltr'><em>ibi</em></span> <span class='ocrx_word' id='word_1_206' title='bbox 534 1560 721 1601; x_wconf 79' lang='lat' dir='ltr'><em>Pricaeus</em></span> <span class='ocrx_word' id='word_1_207' title='bbox 741 1562 857 1601; x_wconf 86' lang='lat' dir='ltr'><em>hunc</em></span> <span class='ocrx_word' id='word_1_208' title='bbox 873 1566 1040 1616; x_wconf 78' lang='lat' dir='ltr'><em>locum,</em></span> <span class='ocrx_word' id='word_1_209' title='bbox 1073 1574 1116 1604; x_wconf 88' lang='lat' dir='ltr'><em>et</em></span> <span class='ocrx_word' id='word_1_210' title='bbox 1135 1568 1258 1617; x_wconf 85' lang='lat' dir='ltr'><em>plura</em></span> <span class='ocrx_word' id='word_1_211' title='bbox 1288 1563 1528 1602; x_wconf 86' lang='lat' dir='ltr'><em>sententiae</em></span> <span class='ocrx_word' id='word_1_212' title='bbox 1559 1563 1682 1600; x_wconf 85' lang='lat' dir='ltr'><em>simi-</em></span> 
     </span>
     <span class='ocr_line' id='line_1_25' title="bbox 213 1615 1681 1675; baseline 0.002 -20"><span class='ocrx_word' id='word_1_213' title='bbox 213 1616 269 1655; x_wconf 75' lang='lat' dir='ltr'><em>lis</em></span> <span class='ocrx_word' id='word_1_214' title='bbox 287 1615 527 1656; x_wconf 84' lang='lat' dir='ltr'><strong>adnotavit.</strong></span> <span class='ocrx_word' id='word_1_215' title='bbox 587 1617 721 1658; x_wconf 82' lang='lat' dir='ltr'>Recte</span> <span class='ocrx_word' id='word_1_216' title='bbox 743 1633 845 1658; x_wconf 88' lang='lat' dir='ltr'><em>vero</em></span> <span class='ocrx_word' id='word_1_217' title='bbox 868 1618 991 1673; x_wconf 88' lang='lat' dir='ltr'><em>jubet</em></span> <span class='ocrx_word' id='word_1_218' title='bbox 1010 1623 1269 1675; x_wconf 73' lang='grc' dir='ltr'><strong><em>καταβαίνειν</em></strong></span> <span class='ocrx_word' id='word_1_219' title='bbox 1281 1616 1361 1661; x_wconf 65' lang='grc' dir='ltr'><em>ἀπὸ</em></span> <span class='ocrx_word' id='word_1_220' title='bbox 1379 1624 1456 1660; x_wconf 72' lang='grc' dir='ltr'><strong><em>τῶν</em></strong></span> <span class='ocrx_word' id='word_1_221' title='bbox 1477 1621 1681 1672; x_wconf 75' lang='grc' dir='ltr'><strong><em>ἰαμβείων,</em></strong></span> 
     </span>
     <span class='ocr_line' id='line_1_26' title="bbox 216 1671 1682 1728; baseline 0.003 -18"><span class='ocrx_word' id='word_1_222' title='bbox 216 1684 345 1726; x_wconf 85' lang='lat' dir='ltr'><em>quem</em></span> <span class='ocrx_word' id='word_1_223' title='bbox 373 1671 624 1712; x_wconf 81' lang='lat' dir='ltr'><em>sublimiore</em></span> <span class='ocrx_word' id='word_1_224' title='bbox 661 1677 780 1713; x_wconf 85' lang='lat' dir='ltr'><em>velut</em></span> <span class='ocrx_word' id='word_1_225' title='bbox 807 1675 1044 1728; x_wconf 73' lang='lat' dir='ltr'><em>iamborum</em></span> <span class='ocrx_word' id='word_1_226' title='bbox 1075 1692 1200 1716; x_wconf 85' lang='lat' dir='ltr'><em>curru</em></span> <span class='ocrx_word' id='word_1_227' title='bbox 1230 1686 1397 1716; x_wconf 69' lang='lat' dir='ltr'><em>vectum</em></span> <span class='ocrx_word' id='word_1_228' title='bbox 1427 1673 1682 1714; x_wconf 83' lang='lat' dir='ltr'><strong>descendere</strong></span> 
     </span>
     <span class='ocr_line' id='line_1_27' title="bbox 213 1726 1682 1787; baseline -0.001 -19"><span class='ocrx_word' id='word_1_229' title='bbox 213 1731 311 1768; x_wconf 82' lang='lat' dir='ltr'><em>vult</em></span> <span class='ocrx_word' id='word_1_230' title='bbox 334 1726 385 1766; x_wconf 88' lang='lat' dir='ltr'><em>ad</em></span> <span class='ocrx_word' id='word_1_231' title='bbox 408 1728 645 1768; x_wconf 79' lang='lat' dir='ltr'><em>orationem</em></span> <span class='ocrx_word' id='word_1_232' title='bbox 673 1730 932 1783; x_wconf 77' lang='lat' dir='ltr'><em>pedestrem,</em></span> <span class='ocrx_word' id='word_1_233' title='bbox 973 1743 1101 1787; x_wconf 87' lang='lat' dir='ltr'><em>atque</em></span> <span class='ocrx_word' id='word_1_234' title='bbox 1131 1732 1236 1772; x_wconf 87' lang='lat' dir='ltr'><em>adeo</em></span> <span class='ocrx_word' id='word_1_235' title='bbox 1267 1742 1470 1785; x_wconf 84' lang='lat' dir='ltr'><em>tanquam</em></span> <span class='ocrx_word' id='word_1_236' title='bbox 1499 1729 1682 1784; x_wconf 87' lang='lat' dir='ltr'><em>pedibus</em></span> 
     </span>
     <span class='ocr_line' id='line_1_28' title="bbox 214 1783 1683 1842; baseline 0.002 -19"><span class='ocrx_word' id='word_1_237' title='bbox 214 1783 484 1824; x_wconf 83' lang='lat' dir='ltr'><strong>incedentem</strong></span> <span class='ocrx_word' id='word_1_238' title='bbox 505 1785 707 1824; x_wconf 81' lang='lat' dir='ltr'><em>familiari</em></span> <span class='ocrx_word' id='word_1_239' title='bbox 725 1801 841 1826; x_wconf 87' lang='lat' dir='ltr'><em>more</em></span> <span class='ocrx_word' id='word_1_240' title='bbox 860 1790 1074 1842; x_wconf 68' lang='lat' dir='ltr'><em>colloquie</em></span> <span class='ocrx_word' id='word_1_241' title='bbox 1116 1802 1262 1828; x_wconf 82' lang='lat' dir='ltr'><em>versus</em></span> <span class='ocrx_word' id='word_1_242' title='bbox 1285 1799 1423 1827; x_wconf 87' lang='lat' dir='ltr'><em>autem</em></span> <span class='ocrx_word' id='word_1_243' title='bbox 1453 1786 1574 1840; x_wconf 85' lang='lat' dir='ltr'><em>quasi</em></span> <span class='ocrx_word' id='word_1_244' title='bbox 1604 1801 1683 1826; x_wconf 88' lang='lat' dir='ltr'><em>ve-</em></span> 
     </span>
     <span class='ocr_line' id='line_1_29' title="bbox 213 1839 1680 1897; baseline 0.001 -17"><span class='ocrx_word' id='word_1_245' title='bbox 213 1839 408 1880; x_wconf 84' lang='lat' dir='ltr'><em>hiculum</em></span> <span class='ocrx_word' id='word_1_246' title='bbox 439 1840 615 1895; x_wconf 85' lang='lat' dir='ltr'><em>aliquod</em></span> <span class='ocrx_word' id='word_1_247' title='bbox 647 1843 857 1882; x_wconf 85' lang='lat' dir='ltr'><em>orationis</em></span> <span class='ocrx_word' id='word_1_248' title='bbox 886 1845 1071 1897; x_wconf 83' lang='lat' dir='ltr'><em>spectari</em></span> <span class='ocrx_word' id='word_1_249' title='bbox 1105 1844 1423 1884; x_wconf 86' lang='lat' dir='ltr'><em>observavimus</em></span> <span class='ocrx_word' id='word_1_250' title='bbox 1459 1841 1512 1881; x_wconf 85' lang='lat' dir='ltr'><em>ad</em></span> <span class='ocrx_word' id='word_1_251' title='bbox 1539 1843 1680 1882; x_wconf 84' lang='lat' dir='ltr'><strong>Prom.</strong></span> 
     </span>
     <span class='ocr_line' id='line_1_30' title="bbox 215 1897 1684 1953; baseline 0.003 -17"><span class='ocrx_word' id='word_1_252' title='bbox 215 1910 251 1936; x_wconf 84' lang='lat' dir='ltr'><em>c.</em></span> <span class='ocrx_word' id='word_1_253' title='bbox 272 1902 311 1940; x_wconf 88' lang='lat'><em>6.</em></span> <span class='ocrx_word' id='word_1_254' title='bbox 368 1897 747 1950; x_wconf 83' lang='lat' dir='ltr'><em>Interpunctione,</em></span> <span class='ocrx_word' id='word_1_255' title='bbox 780 1913 888 1953; x_wconf 89' lang='lat' dir='ltr'><em>quae</em></span> <span class='ocrx_word' id='word_1_256' title='bbox 910 1902 1076 1939; x_wconf 82' lang='lat' dir='ltr'><em>cunetis</em></span> <span class='ocrx_word' id='word_1_257' title='bbox 1097 1901 1142 1939; x_wconf 90' lang='lat' dir='ltr'><em>in</em></span> <span class='ocrx_word' id='word_1_258' title='bbox 1167 1898 1259 1940; x_wconf 82' lang='lat' dir='ltr'><em>edd.</em></span> <span class='ocrx_word' id='word_1_259' title='bbox 1278 1909 1376 1953; x_wconf 89' lang='lat' dir='ltr'><em>post</em></span> <span class='ocrx_word' id='word_1_260' title='bbox 1396 1900 1584 1953; x_wconf 82' lang='grc' dir='ltr'><strong><em>ἰαμβείων</em></strong></span> <span class='ocrx_word' id='word_1_261' title='bbox 1609 1898 1684 1936; x_wconf 76' lang='lat' dir='ltr'><em>in-</em></span> 
     </span>
     <span class='ocr_line' id='line_1_31' title="bbox 213 1951 1686 2011; baseline 0.003 -18"><span class='ocrx_word' id='word_1_262' title='bbox 213 1954 408 2005; x_wconf 69' lang='lat' dir='ltr'><em>venitur,</em></span> <span class='ocrx_word' id='word_1_263' title='bbox 441 1954 608 1993; x_wconf 85' lang='lat' dir='ltr'><em>sublata</em></span> <span class='ocrx_word' id='word_1_264' title='bbox 627 1958 804 2010; x_wconf 85' lang='lat' dir='ltr'><em>jungere</em></span> <span class='ocrx_word' id='word_1_265' title='bbox 832 1957 935 1995; x_wconf 86' lang='lat' dir='ltr'><em>licet</em></span> <span class='ocrx_word' id='word_1_266' title='bbox 956 1956 1071 1995; x_wconf 84' lang='lat' dir='ltr'><em>haud</em></span> <span class='ocrx_word' id='word_1_267' title='bbox 1105 1955 1395 2006; x_wconf 84' lang='lat' dir='ltr'><em>incommode,</em></span> <span class='ocrx_word' id='word_1_268' title='bbox 1427 1958 1511 2011; x_wconf 82' lang='grc' dir='ltr'><strong><em>λέγε</em></strong></span> <span class='ocrx_word' id='word_1_269' title='bbox 1537 1951 1686 1998; x_wconf 79' lang='grc' dir='ltr'><strong><em>οὖτωσί</em></strong></span> 
     </span>
     <span class='ocr_line' id='line_1_32' title="bbox 213 2007 1691 2064; baseline 0.001 -12"><span class='ocrx_word' id='word_1_270' title='bbox 213 2025 303 2060; x_wconf 85' lang='grc' dir='ltr'><em>πως</em></span> <span class='ocrx_word' id='word_1_271' title='bbox 322 2007 459 2059; x_wconf 67' lang='grc' dir='ltr'><strong><em>ἅπλῶς</em></strong></span> <span class='ocrx_word' id='word_1_272' title='bbox 475 2013 534 2059; x_wconf 85' lang='grc' dir='ltr'><em>τίς</em></span> <span class='ocrx_word' id='word_1_273' title='bbox 554 2008 581 2064; x_wconf 69' lang='grc' dir='ltr'><em>’ἦ</em></span> <span class='ocrx_word' id='word_1_274' title='bbox 597 2013 737 2064; x_wconf 64' lang='grc' dir='ltr'><strong><em>στολῆς</em></strong></span> <span class='ocrx_word' id='word_1_275' title='bbox 767 2013 952 2052; x_wconf 74' lang='grc' dir='ltr'><strong>ΗΕΜδτ.</strong></span> <span class='ocrx_word' id='word_1_276' title='bbox 1690 2039 1691 2042; x_wconf 65' lang='lat'><em>=</em></span> 
     </span>
    </p>

    <p class='ocr_par' dir='ltr' id='par_1_9' title="bbox 213 2066 1683 2179">
     <span class='ocr_line' id='line_1_33' title="bbox 329 2066 1683 2122; baseline 0.001 -16"><span class='ocrx_word' id='word_1_277' title='bbox 329 2067 436 2108; x_wconf 79' lang='lat' dir='ltr'><strong>EacZ.</strong></span> <span class='ocrx_word' id='word_1_278' title='bbox 460 2070 488 2108; x_wconf 84' lang='lat' dir='ltr'><strong>l.</strong></span> <span class='ocrx_word' id='word_1_279' title='bbox 513 2071 552 2111; x_wconf 88' lang='lat'><em>5.</em></span> <span class='ocrx_word' id='word_1_280' title='bbox 587 2066 718 2122; x_wconf 78' lang='grc' dir='ltr'><strong><em>Χρειώ</em></strong></span> <span class='ocrx_word' id='word_1_281' title='bbox 738 2085 784 2122; x_wconf 83' lang='grc' dir='ltr'><em>με</em></span> <span class='ocrx_word' id='word_1_282' title='bbox 802 2071 876 2119; x_wconf 81' lang='grc' dir='ltr'><em>κ.)</em></span> <span class='ocrx_word' id='word_1_283' title='bbox 913 2067 1113 2108; x_wconf 80' lang='lat' dir='ltr'><em>Homerus</em></span> <span class='ocrx_word' id='word_1_284' title='bbox 1135 2066 1289 2122; x_wconf 87' lang='lat' dir='ltr'><em>Odyss.</em></span> <span class='ocrx_word' id='word_1_285' title='bbox 1313 2074 1377 2118; x_wconf 81' lang='lat' dir='ltr'><em>A,</em></span> <span class='ocrx_word' id='word_1_286' title='bbox 1413 2073 1506 2114; x_wconf 84' lang='lat'><strong>163.</strong></span> <span class='ocrx_word' id='word_1_287' title='bbox 1537 2069 1683 2108; x_wconf 75' lang='lat' dir='ltr'><strong>BRoD.</strong></span> 
     </span>
     <span class='ocr_line' id='line_1_34' title="bbox 213 2123 1610 2179; baseline 0.002 -17"><span class='ocrx_word' id='word_1_288' title='bbox 213 2123 399 2162; x_wconf 86' lang='lat' dir='ltr'><em>Monuit</em></span> <span class='ocrx_word' id='word_1_289' title='bbox 419 2124 550 2163; x_wconf 82' lang='lat' dir='ltr'><em>etiam</em></span> <span class='ocrx_word' id='word_1_290' title='bbox 571 2125 774 2179; x_wconf 76' lang='lat' dir='ltr'><em>Hartung.</em></span> <span class='ocrx_word' id='word_1_291' title='bbox 798 2124 928 2165; x_wconf 83' lang='lat' dir='ltr'><strong>Thes.</strong></span> <span class='ocrx_word' id='word_1_292' title='bbox 950 2125 1056 2164; x_wconf 87' lang='lat' dir='ltr'><em>Crit.</em></span> <span class='ocrx_word' id='word_1_293' title='bbox 1075 2127 1122 2166; x_wconf 90' lang='lat' dir='ltr'><em>T.</em></span> <span class='ocrx_word' id='word_1_294' title='bbox 1146 2125 1205 2165; x_wconf 89' lang='lat' dir='ltr'><em>II.</em></span> <span class='ocrx_word' id='word_1_295' title='bbox 1227 2140 1270 2179; x_wconf 86' lang='lat' dir='ltr'><em>p.</em></span> <span class='ocrx_word' id='word_1_296' title='bbox 1296 2130 1392 2169; x_wconf 82' lang='lat'><strong>698.</strong></span> <span class='ocrx_word' id='word_1_297' title='bbox 1424 2127 1610 2165; x_wconf 66' lang='lat' dir='ltr'><strong>Hnms’r.</strong></span> 
     </span>
    </p>
   </div>
   <div class='ocr_carea' id='block_1_5' title="bbox 206 2200 1690 2764">
    <p class='ocr_par' dir='ltr' id='par_1_10' title="bbox 206 2200 1690 2764">
     <span class='ocr_line' id='line_1_35' title="bbox 327 2200 1685 2259; baseline -0.001 -17"><span class='ocrx_word' id='word_1_298' title='bbox 327 2201 431 2243; x_wconf 68' lang='lat' dir='ltr'><strong>Eud.</strong></span> <span class='ocrx_word' id='word_1_299' title='bbox 453 2206 482 2242; x_wconf 89' lang='lat'><strong>1.</strong></span> <span class='ocrx_word' id='word_1_300' title='bbox 511 2207 552 2247; x_wconf 84' lang='lat'><strong>7.</strong></span> <span class='ocrx_word' id='word_1_301' title='bbox 587 2200 702 2245; x_wconf 83' lang='grc' dir='ltr'><strong><em>Ἀλλ’</em></strong></span> <span class='ocrx_word' id='word_1_302' title='bbox 727 2200 783 2256; x_wconf 70' lang='grc' dir='ltr'><em>ἢ)</em></span> <span class='ocrx_word' id='word_1_303' title='bbox 821 2205 920 2243; x_wconf 85' lang='grc' dir='ltr'><em>Ηοο</em></span> <span class='ocrx_word' id='word_1_304' title='bbox 950 2213 1152 2254; x_wconf 83' lang='lat' dir='ltr'><em>accentu,</em></span> <span class='ocrx_word' id='word_1_305' title='bbox 1193 2205 1266 2259; x_wconf 87' lang='lat' dir='ltr'><em>qui</em></span> <span class='ocrx_word' id='word_1_306' title='bbox 1295 2207 1590 2257; x_wconf 82' lang='lat' dir='ltr'><em>plerarumque</em></span> <span class='ocrx_word' id='word_1_307' title='bbox 1620 2211 1685 2241; x_wconf 81' lang='lat' dir='ltr'><em>est</em></span> 
     </span>
     <span class='ocr_line' id='line_1_36' title="bbox 215 2256 1684 2319; baseline 0 -23"><span class='ocrx_word' id='word_1_308' title='bbox 215 2256 307 2301; x_wconf 78' lang='lat' dir='ltr'><em>edd,</em></span> <span class='ocrx_word' id='word_1_309' title='bbox 331 2269 498 2299; x_wconf 86' lang='lat' dir='ltr'><em>servato</em></span> <span class='ocrx_word' id='word_1_310' title='bbox 520 2273 668 2299; x_wconf 89' lang='lat' dir='ltr'><em>sensus</em></span> <span class='ocrx_word' id='word_1_311' title='bbox 690 2261 772 2299; x_wconf 88' lang='lat' dir='ltr'><em>erit</em></span> <span class='ocrx_word' id='word_1_312' title='bbox 794 2261 989 2300; x_wconf 81' lang='lat' dir='ltr'><em>oratione</em></span> <span class='ocrx_word' id='word_1_313' title='bbox 1010 2260 1194 2309; x_wconf 83' lang='lat' dir='ltr'><em>directa,</em></span> <span class='ocrx_word' id='word_1_314' title='bbox 1233 2261 1296 2300; x_wconf 81' lang='lat' dir='ltr'><em>At</em></span> <span class='ocrx_word' id='word_1_315' title='bbox 1317 2271 1358 2299; x_wconf 74' lang='lat' dir='ltr'><em>iu</em></span> <span class='ocrx_word' id='word_1_316' title='bbox 1370 2260 1554 2319; x_wconf 58' lang='lat' dir='ltr'><em>P¹“{f3²’⁰²⁰</em></span> <span class='ocrx_word' id='word_1_317' title='bbox 1576 2258 1684 2297; x_wconf 66' lang='lat' dir='ltr'><em>deli-</em></span> 
     </span>
     <span class='ocr_line' id='line_1_37' title="bbox 213 2312 1684 2368; baseline 0 -16"><span class='ocrx_word' id='word_1_318' title='bbox 213 2329 305 2356; x_wconf 80' lang='lat' dir='ltr'><em>ras:</em></span> <span class='ocrx_word' id='word_1_319' title='bbox 344 2330 489 2355; x_wconf 79' lang='lat' dir='ltr'><em>verum</em></span> <span class='ocrx_word' id='word_1_320' title='bbox 521 2316 558 2354; x_wconf 86' lang='lat' dir='ltr'><em>si</em></span> <span class='ocrx_word' id='word_1_321' title='bbox 582 2331 676 2355; x_wconf 88' lang='lat' dir='ltr'><em>cum</em></span> <span class='ocrx_word' id='word_1_322' title='bbox 694 2317 875 2357; x_wconf 81' lang='lat' dir='ltr'><em>Juntina</em></span> <span class='ocrx_word' id='word_1_323' title='bbox 911 2314 1213 2355; x_wconf 77' lang='lat' dir='ltr'><em>circumflectas</em></span> <span class='ocrx_word' id='word_1_324' title='bbox 1240 2312 1329 2358; x_wconf 67' lang='grc' dir='ltr'><strong><em>ἀλλ’</em></strong></span> <span class='ocrx_word' id='word_1_325' title='bbox 1359 2319 1408 2367; x_wconf 80' lang='grc' dir='ltr'><em>ἡ,</em></span> <span class='ocrx_word' id='word_1_326' title='bbox 1449 2316 1684 2368; x_wconf 85' lang='lat' dir='ltr'><em>interroga·</em></span> 
     </span>
     <span class='ocr_line' id='line_1_38' title="bbox 210 2371 1684 2425; baseline 0 -17"><span class='ocrx_word' id='word_1_327' title='bbox 210 2372 374 2412; x_wconf 86' lang='lat' dir='ltr'><em>tionem</em></span> <span class='ocrx_word' id='word_1_328' title='bbox 396 2371 537 2422; x_wconf 85' lang='lat' dir='ltr'><em>dabit,</em></span> <span class='ocrx_word' id='word_1_329' title='bbox 570 2373 683 2413; x_wconf 87' lang='lat' dir='ltr'><em>Heus</em></span> <span class='ocrx_word' id='word_1_330' title='bbox 702 2383 760 2423; x_wconf 77' lang='lat' dir='ltr'><em>iu,</em></span> <span class='ocrx_word' id='word_1_331' title='bbox 794 2389 886 2412; x_wconf 82' lang='lat' dir='ltr'><em>num</em></span> <span class='ocrx_word' id='word_1_332' title='bbox 908 2371 1087 2413; x_wconf 78' lang='lat' dir='ltr'><em>deliras?</em></span> <span class='ocrx_word' id='word_1_333' title='bbox 1107 2372 1167 2411; x_wconf 83' lang='lat' dir='ltr'><em>&#39;In</em></span> <span class='ocrx_word' id='word_1_334' title='bbox 1188 2372 1255 2410; x_wconf 80' lang='lat' dir='ltr'><em>his</em></span> <span class='ocrx_word' id='word_1_335' title='bbox 1284 2371 1386 2411; x_wconf 85' lang='lat' dir='ltr'><em>alibi</em></span> <span class='ocrx_word' id='word_1_336' title='bbox 1411 2385 1582 2425; x_wconf 89' lang='lat' dir='ltr'><em>quoque</em></span> <span class='ocrx_word' id='word_1_337' title='bbox 1602 2384 1684 2410; x_wconf 77' lang='lat' dir='ltr'><em>va-</em></span> 
     </span>
     <span class='ocr_line' id='line_1_39' title="bbox 211 2421 1686 2483; baseline 0.002 -18"><span class='ocrx_word' id='word_1_338' title='bbox 211 2427 392 2477; x_wconf 79' lang='lat' dir='ltr'><em>tiatum3</em></span> <span class='ocrx_word' id='word_1_339' title='bbox 424 2439 473 2467; x_wconf 91' lang='lat' dir='ltr'><em>ut</em></span> <span class='ocrx_word' id='word_1_340' title='bbox 493 2429 539 2467; x_wconf 87' lang='lat' dir='ltr'><em>in</em></span> <span class='ocrx_word' id='word_1_341' title='bbox 562 2430 781 2482; x_wconf 85' lang='lat' dir='ltr'><em>p&#39;rincipio</em></span> <span class='ocrx_word' id='word_1_342' title='bbox 805 2429 992 2483; x_wconf 85' lang='lat' dir='ltr'><em>Gorgiae</em></span> <span class='ocrx_word' id='word_1_343' title='bbox 1018 2427 1258 2478; x_wconf 85' lang='lat' dir='ltr'><em>Platonici,</em></span> <span class='ocrx_word' id='word_1_344' title='bbox 1283 2424 1399 2468; x_wconf 83' lang='grc' dir='ltr'><strong><em>Ἀλλ’</em></strong></span> <span class='ocrx_word' id='word_1_345' title='bbox 1424 2421 1477 2479; x_wconf 74' lang='grc' dir='ltr'><em>ἦ,</em></span> <span class='ocrx_word' id='word_1_346' title='bbox 1508 2424 1553 2468; x_wconf 81' lang='grc' dir='ltr'><em>τὸ</em></span> <span class='ocrx_word' id='word_1_347' title='bbox 1574 2425 1686 2482; x_wconf 79' lang='grc' dir='ltr'><strong><em>λεγό-</em></strong></span> 
     </span>
     <span class='ocr_line' id='line_1_40' title="bbox 211 2478 1687 2541; baseline -0.003 -17"><span class='ocrx_word' id='word_1_348' title='bbox 211 2500 346 2537; x_wconf 85' lang='grc' dir='ltr'><strong><em>μενον,</em></strong></span> <span class='ocrx_word' id='word_1_349' title='bbox 379 2483 548 2527; x_wconf 81' lang='grc' dir='ltr'><strong><em>κατόπιν</em></strong></span> <span class='ocrx_word' id='word_1_350' title='bbox 565 2487 708 2541; x_wconf 73' lang='grc' dir='ltr'><strong><em>ἑορτῆς</em></strong></span> <span class='ocrx_word' id='word_1_351' title='bbox 730 2484 902 2539; x_wconf 75' lang='grc' dir='ltr'><strong><em>ἥκομεν,·</em></strong></span> <span class='ocrx_word' id='word_1_352' title='bbox 935 2484 1294 2538; x_wconf 80' lang='lat' dir='ltr'><em>Suidas·agnoscit</em></span> <span class='ocrx_word' id='word_1_353' title='bbox 1316 2478 1399 2524; x_wconf 72' lang='grc' dir='ltr'><strong><em>ἄλλ’</em></strong></span> <span class='ocrx_word' id='word_1_354' title='bbox 1423 2482 1473 2536; x_wconf 70' lang='grc' dir='ltr'><em>ἢ,</em></span> <span class='ocrx_word' id='word_1_355' title='bbox 1505 2482 1687 2535; x_wconf 86' lang='lat' dir='ltr'><em>accipit-</em></span> 
     </span>
     <span class='ocr_line' id='line_1_41' title="bbox 211 2536 1682 2596; baseline -0.001 -19"><span class='ocrx_word' id='word_1_356' title='bbox 211 2553 296 2593; x_wconf 82' lang='lat' dir='ltr'><em>que</em></span> <span class='ocrx_word' id='word_1_357' title='bbox 315 2555 392 2592; x_wconf 83' lang='lat' dir='ltr'><em>pro</em></span> <span class='ocrx_word' id='word_1_358' title='bbox 417 2536 508 2582; x_wconf 74' lang='grc' dir='ltr'><strong><em>ἀλλ’</em></strong></span> <span class='ocrx_word' id='word_1_359' title='bbox 530 2541 632 2596; x_wconf 65' lang='grc' dir='ltr'><strong><em>ἄρα,</em></strong></span> <span class='ocrx_word' id='word_1_360' title='bbox 662 2544 734 2582; x_wconf 85' lang='lat' dir='ltr'><em>vel</em></span> <span class='ocrx_word' id='word_1_361' title='bbox 762 2541 950 2595; x_wconf 87' lang='lat' dir='ltr'><em>simplici</em></span> <span class='ocrx_word' id='word_1_362' title='bbox 972 2540 1075 2595; x_wconf 76' lang='grc' dir='ltr'><strong><em>ἄρα,</em></strong></span> <span class='ocrx_word' id='word_1_363' title='bbox 1106 2539 1238 2579; x_wconf 83' lang='lat' dir='ltr'><em>sicuti</em></span> <span class='ocrx_word' id='word_1_364' title='bbox 1262 2540 1435 2579; x_wconf 84' lang='lat' dir='ltr'><em>monuit</em></span> <span class='ocrx_word' id='word_1_365' title='bbox 1463 2539 1523 2579; x_wconf 87' lang='lat' dir='ltr'><strong>H.</strong></span> <span class='ocrx_word' id='word_1_366' title='bbox 1549 2538 1682 2592; x_wconf 74' lang='lat' dir='ltr'><em>Sieph.</em></span> 
     </span>
     <span class='ocr_line' id='line_1_42' title="bbox 207 2594 1684 2650; baseline -0.001 -15"><span class='ocrx_word' id='word_1_367' title='bbox 207 2597 288 2637; x_wconf 83' lang='lat' dir='ltr'><strong>Th.</strong></span> <span class='ocrx_word' id='word_1_368' title='bbox 314 2597 366 2636; x_wconf 89' lang='lat' dir='ltr'><strong>G.</strong></span> <span class='ocrx_word' id='word_1_369' title='bbox 384 2597 442 2637; x_wconf 91' lang='lat' dir='ltr'><strong>L.</strong></span> <span class='ocrx_word' id='word_1_370' title='bbox 465 2598 515 2636; x_wconf 83' lang='lat' dir='ltr'><em>T.</em></span> <span class='ocrx_word' id='word_1_371' title='bbox 539 2598 576 2636; x_wconf 86' lang='lat' dir='ltr'><em>I.</em></span> <span class='ocrx_word' id='word_1_372' title='bbox 599 2603 754 2650; x_wconf 79' lang='lat' dir='ltr'><strong>p.337.</strong></span> <span class='ocrx_word' id='word_1_373' title='bbox 780 2599 828 2638; x_wconf 88' lang='lat' dir='ltr'><em>F.</em></span> <span class='ocrx_word' id='word_1_374' title='bbox 859 2598 1043 2638; x_wconf 70' lang='lat' dir='ltr'><strong>Hssms&#39;r.</strong></span> <span class='ocrx_word' id='word_1_375' title='bbox 1104 2594 1203 2637; x_wconf 78' lang='lat' dir='ltr'><em>Vid.</em></span> <span class='ocrx_word' id='word_1_376' title='bbox 1229 2595 1280 2634; x_wconf 84' lang='lat' dir='ltr'><em>ad</em></span> <span class='ocrx_word' id='word_1_377' title='bbox 1303 2596 1537 2649; x_wconf 82' lang='lat' dir='ltr'><em>Tyrannio.</em></span> <span class='ocrx_word' id='word_1_378' title='bbox 1561 2610 1596 2633; x_wconf 89' lang='lat' dir='ltr'><em>c.</em></span> <span class='ocrx_word' id='word_1_379' title='bbox 1612 2599 1684 2638; x_wconf 82' lang='lat'><em>21.</em></span> 
     </span>
     <span class='ocr_line' id='line_1_43' title="bbox 206 2650 1688 2708; baseline -0.001 -15"><span class='ocrx_word' id='word_1_380' title='bbox 206 2652 425 2693; x_wconf 80' lang='lat' dir='ltr'><em>adnotata.</em></span> <span class='ocrx_word' id='word_1_381' title='bbox 487 2653 601 2693; x_wconf 75' lang='lat' dir='ltr'><em>Mox</em></span> <span class='ocrx_word' id='word_1_382' title='bbox 623 2655 926 2708; x_wconf 74' lang='grc' dir='ltr'><strong><em>Ρτο-ἐμμέτρως</em></strong></span> <span class='ocrx_word' id='word_1_383' title='bbox 943 2655 1087 2694; x_wconf 84' lang='lat' dir='ltr'><em>mallet</em></span> <span class='ocrx_word' id='word_1_384' title='bbox 1115 2651 1178 2692; x_wconf 83' lang='lat' dir='ltr'><em>Jo.</em></span> <span class='ocrx_word' id='word_1_385' title='bbox 1206 2651 1396 2706; x_wconf 70' lang='lat' dir='ltr'><em>Seagerus</em></span> <span class='ocrx_word' id='word_1_386' title='bbox 1432 2651 1610 2705; x_wconf 79' lang='grc' dir='ltr'><strong><em>ἀμέτρως</em></strong></span> <span class='ocrx_word' id='word_1_387' title='bbox 1639 2650 1688 2688; x_wconf 82' lang='lat' dir='ltr'><em>in</em></span> 
     </span>
     <span class='ocr_line' id='line_1_44' title="bbox 209 2708 1690 2764; baseline -0.003 -15"><span class='ocrx_word' id='word_1_388' title='bbox 209 2709 381 2750; x_wconf 75' lang='lat' dir='ltr'><em>classic.</em></span> <span class='ocrx_word' id='word_1_389' title='bbox 407 2710 557 2751; x_wconf 83' lang='lat' dir='ltr'><em>Joutn.</em></span> <span class='ocrx_word' id='word_1_390' title='bbox 579 2709 635 2749; x_wconf 91' lang='lat' dir='ltr'><em>N.</em></span> <span class='ocrx_word' id='word_1_391' title='bbox 658 2710 735 2752; x_wconf 85' lang='lat' dir='ltr'><strong>XI.</strong></span> <span class='ocrx_word' id='word_1_392' title='bbox 759 2726 796 2755; x_wconf 83' lang='lat' dir='ltr'><strong>a.</strong></span> <span class='ocrx_word' id='word_1_393' title='bbox 823 2715 942 2756; x_wconf 78' lang='lat'><strong>1812,</strong></span> <span class='ocrx_word' id='word_1_394' title='bbox 967 2724 1011 2764; x_wconf 83' lang='lat' dir='ltr'><strong>p.</strong></span> <span class='ocrx_word' id='word_1_395' title='bbox 1039 2713 1132 2754; x_wconf 81' lang='grc'><strong>133.</strong></span> <span class='ocrx_word' id='word_1_396' title='bbox 1191 2708 1357 2763; x_wconf 85' lang='lat' dir='ltr'><em>Nempe</em></span> <span class='ocrx_word' id='word_1_397' title='bbox 1378 2722 1539 2749; x_wconf 83' lang='lat' dir='ltr'><em>novum</em></span> <span class='ocrx_word' id='word_1_398' title='bbox 1559 2719 1690 2762; x_wconf 79' lang='lat' dir='ltr'><em>prot-</em></span> 
     </span>
    </p>
   </div>
  </div>
 </body>
</html>
