1781 3174
201 211 305 261 510
562 221 1318 257 ADNOTATIONES

206 321 323 378 quod
345 320 517 362 odorem
538 320 612 360 vix
633 319 784 371 habet,
815 328 929 359 certe
959 319 1035 359 vix
1063 318 1386 362 discernendum
1413 322 1463 363 ab
1486 321 1663 362 aliorum

204 379 411 434 sanguine
438 377 707 417 animalium:
739 386 827 416 tum
858 374 990 429 φόνος
1011 392 1086 416 cur
1106 377 1178 417 hic
1196 392 1275 432 pro
1295 380 1504 434 sanguine
1523 392 1668 433 pona-

204 447 295 488 tur,
325 435 401 476 vix
424 434 705 488 intelligitur:
738 432 913 473 aliudne
936 436 1022 473 olet
1045 448 1149 473 vena
1173 445 1347 489 pertusa
1369 436 1570 482 emissus,
1599 436 1669 474 vel

206 492 258 533 de
277 492 450 531 naribus
477 489 705 544 prosiliens
734 490 929 544 sanguis,
963 503 1089 542 quam
1123 505 1247 531 cruor
1269 506 1291 531 a
1324 491 1482 532 caede?
1529 504 1668 531 semen

204 549 437 588 humanum
465 550 600 597 olere,
632 547 704 584 illa
733 556 846 585 certe
868 545 982 599 apud
997 547 1245 588 Athenaeum
1261 549 1528 588 meretricula
1548 556 1671 601 puta-

204 606 301 657 bat,
332 604 402 644 cui
422 605 710 650 Ptolemaeus,
735 619 789 642 cx
811 603 956 642 balano
975 618 1049 642 seu
1073 604 1224 658 glande
1244 608 1350 659 regia
1369 622 1468 655 esse,
1494 616 1672 656 respon-

207 661 284 701 dit.
345 663 455 699 Tum
488 659 540 698 de
561 659 673 698 fabis
701 659 1005 698 Samosatensis
1027 660 1228 712 Sophista
1258 661 1386 700 modo
1407 662 1598 709 dixerat,
1627 659 1672 702 τὸ

205 723 288 761 πᾶν
308 714 408 772 γονή
431 719 516 759 εἰσι.
574 714 692 771 Quid
718 715 886 770 igitur?
916 713 1041 771 γόνον
1063 716 1254 756 dabimus
1275 717 1533 771 Porphyrio,
1559 718 1675 770 σπέρ-

205 792 261 828 μα
281 774 465 814 Luciano
483 771 573 815 ἐντὶ
590 777 665 814 τοῦ
682 770 802 824 αἷμας
833 787 886 812 an
899 771 996 826 αἷμα
1013 774 1118 826 poni
1137 787 1213 826 pro
1234 775 1429 828 genitura
1450 773 1672 813 dicemus?

207 831 405 884 inprimis
427 845 520 869 cum
544 831 821 882 consanguinei
841 839 882 868 et
901 832 1063 883 sanguis
1080 846 1186 869 meus
1205 844 1282 883 pro
1304 830 1415 880 filio,
1449 840 1491 869 et
1513 829 1673 868 similia

205 892 329 942 plura
365 887 409 924 in
436 902 514 925 usu
541 887 651 927 sint:
683 901 736 924 an
764 885 949 938 denique
981 886 1031 925 de
1054 886 1135 924 alia
1157 900 1274 924 nuno
1299 900 1344 925 re
1367 886 1551 927 Luciano
1581 900 1675 926 ser-

204 958 374 983 monem
409 957 498 983 esse
519 942 729 992 dicemus,
764 941 814 981 de
840 943 922 981 alia
950 942 1110 996 Origeni
1127 951 1168 982 et
1190 942 1446 998 Porphyrio?
1482 957 1676 996 praeser-

205 1002 284 1041 tim
316 1015 409 1038 cum
436 999 502 1038 illi
528 999 573 1037 in
600 1002 689 1038 sole
714 1009 879 1051 ponant
910 998 1049 1037 fabam
1082 998 1283 1038 dentibus
1312 999 1570 1053 levigatam,
1602 998 1675 1037 hic

204 1067 354 1097 noster
375 1056 528 1096 elixam
552 1057 596 1094 in
617 1059 734 1095 luna.
796 1055 971 1095 Scilicet
1001 1055 1227 1110 coquendo
1249 1054 1401 1094 semini
1430 1055 1580 1108 majori
1603 1069 1678 1094 ca-
1701 1059 1705 1063 ‘

204 1117 296 1153 lore
318 1127 424 1166 opus
448 1123 532 1163 est,
565 1127 689 1166 quarn
713 1110 763 1150 ad
783 1112 1047 1166 sanguinem.
1106 1111 1192 1152 Sed
1211 1126 1348 1164 neque
1368 1111 1413 1150 in
1435 1112 1563 1151 verbo
1584 1113 1677 1153 ἐπα-

205 1176 289 1227 φῇς
320 1168 427 1208 mihi
452 1169 696 1220 satisfacio,
730 1178 772 1208 et
803 1169 978 1208 vertisse
1010 1182 1077 1207 me
1105 1167 1216 1207 illud
1245 1169 1393 1222 potius
1426 1166 1479 1207 ad
1502 1178 1680 1208 senten-

205 1229 332 1277 tiam,
374 1240 497 1280 quam
528 1235 635 1280 puto
662 1225 786 1265 verba
819 1225 996 1274 habere,
1043 1239 1168 1279 quam
1197 1239 1250 1264 ex
1280 1225 1324 1263 vi
1354 1224 1473 1264 verbi
1503 1223 1678 1263 aliunde

206 1283 317 1323 mihi
341 1282 537 1336 cognita,
571 1297 659 1321 non
682 1281 918 1321 dissimulo.
959 1282 1097 1322 Gnsw.
1155 1280 1272 1320 Addi
1296 1290 1438 1333 potest
1461 1281 1511 1321 ad
1532 1281 1680 1320 notio-

207 1354 303 1379 nem
331 1336 466 1391 φόνου
491 1353 567 1391 pro
591 1339 797 1391 sanguine
817 1338 923 1377 Plin.
942 1345 1018 1390 21,
1046 1344 1110 1382 16.
1132 1353 1164 1377 s.
1186 1342 1253 1382 56.
1278 1337 1354 1376 ubi
1379 1336 1429 1376 de
1449 1339 1675 1390 Scolymo:

206 1395 319 1436 Idem
340 1406 422 1434 erat
445 1394 649 1449 atractylis
668 1410 840 1448 quoque,
873 1397 950 1433 nisi
968 1395 1180 1434 candidior
1199 1405 1315 1444 esset,
1348 1405 1383 1432 et
1401 1397 1478 1433 nisi
1498 1393 1678 1448 sangui-

206 1467 336 1492 neum
367 1466 537 1490 succum
565 1450 760 1505 funderet.
826 1451 915 1502 Qua
948 1451 995 1490 de
1013 1467 1135 1491 causa
1162 1450 1334 1501 phonos
1364 1461 1572 1490 vocatura
1592 1452 1678 1504 qui-

210 1508 397 1558 busdam,
431 1507 550 1547 odore
579 1510 696 1546 etiam
721 1509 869 1559 gravis.
911 1508 1032 1547 IDEM
1053 1509 1094 1546 in
1114 1505 1305 1547 Acldend.
1364 1507 1540 1561 Dignus
1571 1516 1675 1553 erat,

210 1565 287 1618 qui
310 1566 594 1613 conferretur,
625 1567 745 1602 locus
763 1564 897 1602 Diall.
914 1565 1069 1603 Mortt.
1091 1564 1197 1611 XX,
1218 1569 1279 1614 3.‚
1312 1562 1408 1614 ubi,
1442 1578 1549 1617 quae
1570 1562 1679 1601 mihi

210 1620 263 1661 de
285 1620 368 1660 hoc
388 1619 661 1674 Pythagorae
683 1619 885 1659 instituto
916 1619 1140 1670 videntur,
1174 1619 1362 1673 reposui.
1407 1620 1567 1661 LnnM.

325 1699 428 1741 Εαιῖ.
447 1702 474 1741 1.
497 1703 535 1742 4.
574 1692 907 1749 Ἀθηναίοισι
935 1695 1124 1752 νόμος]
1157 1700 1225 1738 De
1246 1697 1325 1737 hac
1348 1698 1678 1739 Atheniensium

211 1755 529 1798 consuetudine
552 1769 627 1808 per
645 1754 764 1792 fabas
789 1755 977 1809 eligendi
1004 1756 1275 1808 magistratus
1298 1755 1354 1794 cf,
1373 1755 1555 1809 Xenoph.
1576 1756 1679 1794 Me-

206 1829 333 1854 morr.
358 1815 392 1858 I,
417 1819 456 1861 2,
482 1816 520 1855 9.
546 1822 586 1851 et
610 1810 795 1849 adeundi
817 1812 954 1852 Davis.
978 1810 1030 1850 ad
1053 1812 1180 1852 ZVIax.
1204 1812 1297 1865 Tyr.
1319 1816 1386 1860 22,
1409 1815 1448 1854 4·
1470 1822 1512 1851 et
1533 1809 1676 1851 Duker.

209 1871 264 1909 ad
289 1868 467 1922 Thucyd.
495 1868 627 1917 VIII,
660 1872 728 1910 66.
763 1869 922 1922 quique
944 1868 1006 1906 ibi
1027 1867 1269 1916 laudantur,
1300 1867 1500 1907 Meum-ius
1531 1866 1582 1907 de
1604 1868 1678 1905 Ar-

209 1926 376 1967 chontt.
402 1926 556 1965 Athen.
581 1925 624 1970 I.
647 1928 686 1967 9.
718 1924 864 1964 Petirus
885 1926 1018 1981 Legg.
1040 1924 1128 1966 Att.
1149 1938 1193 1978 p.
1208 1927 1304 1967 219.
1326 1934 1370 1964 et
1389 1923 1603 1978 Menagius
1625 1922 1680 1962 ad

207 1985 328 2038 Diog.
348 1983 486 2023 La'drt.
513 1981 643 2031 VIII,
669 1985 736 2025 34.
778 1982 931 2023 Luam,

322 2049 426 2089 Ead.
447 2051 475 2088 1.
496 2052 536 2094 5.
577 2045 798 2099 Ἀπόδυθι)
831 2047 896 2088 Id.
932 2048 976 2086 in
1008 2045 1208 2086 Eunuch.
1241 2045 1462 2088 Casaubon.
1488 2044 1541 2086 ad
1571 2047 1679 2089 Suet.

207 2108 280 2147 De
310 2106 419 2145 fabis
440 2104 708 2160 Pythagorae
735 2104 840 2144 Plin.
864 2104 1070 2145 Plutarch.
1106 2119 1275 2154 omnes,
1304 2104 1474 2146 Luciam.
1497 2104 1678 2157 passim:

209 2163 417 2203 rationem
436 2161 619 2202 reddunt
640 2159 700 2203 ὅτι
722 2164 891 2210 αἰδοίοις
911 2164 1009 2203 εἰσὶν
1029 2161 1182 2214 ὅμοιοι,
1214 2160 1289 2198 alii
1315 2161 1452 2200 aliam.
1498 2161 1676 2199 Bonan.

322 2218 425 2258 Ead.
446 2222 473 2259 1.
498 2224 535 2263 6.
571 2220 788 2272 Χρυσοῦς)
818 2220 888 2258 De
917 2217 1191 2271 Pythagorae
1221 2217 1381 2255 femore
1408 2230 1537 2256 aureo
1567 2216 1678 2255 Por-

205 2276 315 2330 plzyr.
348 2275 402 2315 Ν.
424 2280 492 2320 28.
523 2284 566 2314 et
601 2284 690 2314 not.
721 2276 841 2328 Diog.
865 2275 1000 2315 La'c'rt.
1025 2288 1067 2326 p.
1089 2279 1186 2317 216.
1218 2283 1260 2311 et
1287 2271 1500 2311 Jamhlich.
1528 2271 1584 2311 N.
1606 2275 1675 2314 92.

208 2332 371 2372 Aeliam.
396 2332 448 2373 V.
477 2333 530 2370 H.
552 2331 612 2381 ῙῘ,
634 2336 701 2375 26.
725 2331 969 2385 Apollonius
991 2329 1181 2382 Dyscolus
1202 2344 1237 2369 ο.
1260 2334 1299 2373 6.
1319 2328 1491 2382 aliique.
1523 2327 1677 2369 Mem-s.

208 2388 307 2428 Ath.
334 2389 423 2428 Att.
445 2387 548 2429 Plut.
573 2388 727 2427 Numa.
773 2387 955 2440 Origenes
975 2390 1089 2426 solus
1112 2387 1340 2425 eburneum
1360 2383 1486 2434 dlxit,
1511 2398 1545 2423 c.
1565 2384 1678 2424 Cels.

209 2444 285 2486 VI.
318 2445 484 2487 SOLAN.
546 2444 613 2484 Cf.
635 2443 687 2483 ad
707 2443 839 2486 Dian.
869 2445 1024 2483 Mortt.
1042 2443 1152 2494 XX,
1176 2448 1217 2487 3.
1268 2441 1427 2482 Lmtm.

321 2523 429 2565 Eacl.
453 2527 482 2564 1.
509 2529 547 2568 7.
584 2521 709 2574 Θεὸς)
741 2520 911 2562 Alludit
930 2521 980 2561 ad
1004 2521 1190 2561 carmina
1211 2532 1357 2569 aurea,
1390 2532 1500 2574 quae
1518 2519 1678 2574 Pytha-

210 2592 336 2635 gorae
354 2583 484 2648 vulfio
505 2579 776 2628 tribuuntur,
810 2592 989 2633 quorum
1010 2578 1092 2617 hoc
1111 2577 1330 2616 ultimum:

420 2635 581 2679 Ἐσσεαι
599 2632 808 2684 ἀθάνατος
827 2633 926 2684 θεὸς
944 2634 1141 2690 ἄμβροτος
1163 2628 1293 2674 οὐκέτι
1312 2629 1476 2684 θνητός.

211 2694 282 2732 De
318 2691 472 2746 quibus
512 2696 688 2732 consule
720 2693 878 2733 Fam-ic.
905 2691 1020 2732 Bibl.
1055 2691 1129 2732 Gr.
1166 2693 1262 2732 460·
1307 2687 1522 2730 Jamlvliclz.
1549 2687 1674 2726 etiam

211 2749 379 2803 passim.
413 2750 581 2789 SoLAN.
