1781 3174
180 216 280 268 580
540 224 1297 259 ADNOTATIONES

180 337 318 385 λιμμαι
333 338 383 369 ut
401 325 635 383 legitimam
656 333 987 378 proposuerunt.
1048 322 1178 378 Quod
1200 331 1341 363 autem
1357 322 1400 365 h.
1422 326 1449 363 1.
1470 323 1647 364 Reium-

181 387 452 436 mendosam,
484 397 610 436 quam
629 389 779 431 vocat,
811 381 990 419 formam
1015 378 1262 433 ἐξαλήλιπται
1282 381 1416 432 priori
1441 382 1645 433 interpre-

182 446 220 484 ti
253 444 361 482 dicit
391 439 534 480 fraudi
564 438 723 486 fuisse,
761 437 1013 490 respicitur,
1056 437 1141 475 nisi
1169 438 1318 485 fallor,
1366 437 1649 491 Pit-cklzeymeri

179 500 345 542 versio:
386 498 479 537 libri
505 494 722 544 excidunt,
770 507 891 548 quam
925 492 1124 547 equidem
1166 508 1255 533 non
1283 503 1398 532 certo
1435 495 1647 546 conjicio,

180 550 579 607 underepetendam
601 550 765 589 ducam.
827 551 1000 590 Sensum
1022 553 1166 588 saltem
1186 550 1312 589 etiam
1334 550 1547 604 genuinae
1570 553 1650 588 lec-

182 612 317 653 tionis
341 624 429 649 non
456 603 776 654 absurdissime,
810 621 1063 662 quamquam
1084 609 1230 659 paullo
1259 606 1464 659 liberius,
1497 605 1651 646 reddit.

183 671 346 710 LEHM.

296 722 402 764 Εαιῖ.
418 724 446 761 l.
470 726 515 765 7.
543 718 736 769 Βασιλεύς
752 736 813 769 τις
830 717 1068 775 Αἰγύπτιος)
1101 719 1350 772 Cleopatra:
1381 719 1521 774 tangit
1541 719 1652 758 enim

185 782 439 833 Cleopatrae
458 777 639 827 simiam,
652 787 700 815 ut
714 778 759 815 in
777 780 963 816 Tractat.
995 776 1210 816 Prometh.
1224 776 1269 813 in
1284 776 1438 815 Verbb.
1470 777 1649 815 Bonan.

186 835 322 891 Atqui
345 835 457 874 libro
493 834 544 873 de
579 833 849 873 mercenariis
878 832 1152 886 philosophis
1183 846 1270 870 non
1303 842 1365 871 est
1389 830 1580 880 Βασιλεύς
1599 849 1656 879 τις

187 893 428 949 Αἰγύπτιος,
462 905 609 930 verum
631 889 869 944 Κλεοπάτρα
886 888 912 942 ἡ
933 888 1057 932 πάνυ.
1116 889 1215 928 Nisi
1242 889 1410 927 fortean
1446 889 1552 927 duae
1578 889 1656 926 hi-

189 950 347 989 storiae
363 958 475 988 sunt.
536 947 647 985 Nam
668 946 740 985 hic
761 947 885 984 multi
908 946 1047 995 simii,
1079 945 1142 983 ibi
1159 959 1292 984 unus:
1324 945 1395 983 hic
1417 959 1546 984 nuces
1566 945 1656 982 sive

188 1006 336 1059 κάρυα,
357 1004 417 1042 ibi
442 1017 615 1054 carycae
630 1013 702 1041 aut
714 1002 974 1057 amygdalae,
988 1002 1077 1042 sive
1098 1016 1228 1041 nuces
1241 1001 1440 1053 Graecae,
1457 999 1611 1054 ἰσχάδες
1631 997 1659 1052 ἢ

191 1061 431 1118 ἀμύγδαλον.
463 1061 673 1099 Mamm.
731 1060 831 1112 Ipse
853 1059 1058 1098 Lucianus
1079 1059 1192 1096 infra
1215 1059 1259 1095 in
1283 1058 1409 1110 Apol.
1439 1072 1516 1110 pro
1535 1059 1656 1097 Mer-

196 1119 297 1160 cede
316 1117 540 1157 conductis
565 1131 598 1155 c.
619 1119 657 1159 5.
707 1114 844 1158 ’Ἄλλοι
861 1115 900 1156 δὲ
918 1113 961 1157 τὸ
983 1120 1056 1156 τοῦ
1077 1113 1261 1168 πιθήκου
1295 1116 1544 1157 πεπονθέναι
1573 1111 1660 1166 φή·-

195 1190 362 1225 σουσιν,
395 1173 440 1215 ὂν
468 1171 707 1230 Κλεοπάτρᾳ
735 1177 784 1228 τῇ
811 1170 918 1213 πάνυ
944 1173 1045 1225 φασὶ
1070 1173 1278 1227 γενέσθαι·
1311 1173 1463 1214 ἐκεῖνον
1492 1171 1566 1226 γὰρ
1596 1175 1661 1211 ὀι-

148 1232 153 1243 '
195 1233 389 1286 δαχθέυῖα
405 1232 498 1278 τέως
518 1231 587 1281 μὲν
609 1229 817 1281 ὀρχεῖσθαι
838 1227 946 1270 πάνυ
962 1232 1138 1280 κοσμίως
1158 1239 1236 1267 etc.
1269 1229 1462 1268 MENAG.
1522 1228 1659 1266 Fefel-

194 1291 249 1329 Iit
286 1287 485 1326 memoria
518 1285 840 1326 Rom-clelotium:
872 1300 959 1325 non
981 1286 1094 1324 enim
1125 1285 1170 1323 in
1195 1299 1269 1335 eo,
1313 1299 1435 1336 quem
1471 1284 1659 1332 indicat,

193 1345 367 1393 libello,
399 1343 474 1382 sed
498 1344 541 1380 in
564 1344 692 1394 Apol.
715 1356 791 1394 pro
812 1343 951 1381 Mero.
973 1341 1109 1383 cond.
1131 1355 1218 1394 cap.
1242 1345 1280 1386 5,
1310 1339 1420 1379 hanc
1438 1340 1658 1380 historiam

195 1402 348 1441 iterum
375 1400 513 1441 habet.
573 1398 838 1452 Quamquam
860 1407 1000 1436 autem
1032 1397 1275 1450 discrepent
1297 1406 1339 1435 et
1361 1412 1505 1451 regum
1526 1398 1662 1435 nomi-

195 1472 252 1496 na
277 1466 320 1496 et
342 1470 521 1505 nucum,
554 1468 643 1493 non
665 1453 764 1492 ideo
792 1463 939 1507 putem
969 1452 1156 1493 diversas
1189 1468 1277 1493 esse
1306 1452 1522 1492 historias.
1582 1454 1663 1490 So-

194 1516 287 1553 lent
306 1511 417 1552 enim
439 1510 522 1550 viri
543 1509 790 1549 urbaniores
809 1509 993 1561 fabulas,
1027 1523 1129 1563 quas
1152 1509 1284 1548 animi
1307 1523 1453 1548 caussa
1475 1524 1623 1548 narrari
1634 1524 1660 1554 c,

195 1568 313 1608 varie
332 1566 512 1606 subinde
533 1580 878 1618 commemoraret,
910 1577 983 1605 aut
1001 1566 1082 1619 ipsi
1103 1566 1154 1605 de
1173 1580 1249 1605 suo
1270 1564 1473 1605 addentes
1495 1565 1663 1604 demen-

195 1634 336 1673 resve,
369 1622 421 1662 de
447 1636 548 1662 vero
587 1637 737 1675 parum
769 1622 973 1671 solliciti,
1002 1622 1152 1673 modo,
1195 1621 1313 1675 quod
1345 1632 1578 1675 quaerunt,
1611 1632 1660 1660 ut

196 1683 391 1733 placeant
407 1711 417 1730 ,
461 1688 534 1718 aut
563 1693 672 1726 rem,
723 1692 846 1733 quam
878 1689 1036 1733 agunt,
1080 1680 1318 1727 illustrent,
1372 1688 1665 1732 assequantur.

195 1736 388 1775 Edoctos
414 1735 540 1774 etiam
561 1735 638 1773 sub
666 1735 923 1774 Ptolemaeis
951 1734 1266 1788 cynocephalos
1286 1735 1411 1784 talia,
1444 1744 1486 1774 et
1506 1737 1664 1788 majora

198 1794 349 1840 etiam,
384 1791 514 1831 tradit
535 1790 628 1832 Ael.
654 1789 705 1829 de
724 1791 853 1832 anim.
874 1791 957 1842 VI,
990 1797 1053 1834 10.
1087 1792 1257 1838 Soram..

314 1848 420 1889 Ihicl.
458 1853 525 1897 Τις
555 1845 800 1903 Αἰγύπτιος)
844 1847 970 1889 simii
1002 1851 1248 1896 saltatores;
1290 1845 1376 1887 vid.
1398 1846 1514 1887 infra
1540 1847 1667 1900 Apol.

195 1920 275 1959 pro
300 1906 435 1946 Blerc.
467 1905 643 1946 GUYET,

307 1961 408 2001 EacZ.
430 1964 456 2001 l.
481 1966 521 2005 8.
554 1962 841 2015 Πυρᾇχίζειν)
875 1962 959 2001 Pro
983 1960 1101 2001 omni
1133 1975 1286 2017 genere
1316 1959 1586 2010 saltationis,
1618 1968 1666 1998 ut

194 2016 255 2059 id.
279 2016 404 2057 docet
424 2018 495 2057 De
517 2017 664 2057 saltat.
695 2019 873 2060 Eoum).

306 2073 410 2114 Eud.
434 2076 462 2114 l.
488 2079 552 2118 12-
578 2070 688 2116 θΥπῑό
709 2073 889 2127 κόλπον)
919 2074 977 2113 At
1012 2074 1126 2114 infra
1158 2075 1203 2113 in
1225 2074 1419 2113 Hermot.
1449 2086 1485 2112 c.
1504 2076 1571 2117 37.
1600 2074 1662 2111 le-

192 2144 264 2184 gas
287 2127 368 2171 ὖπὸ
390 2127 562 2179 κόλπου,
594 2130 748 2170 iterum
773 2131 876 2172 ibid.
901 2146 934 2170 c.
958 2136 1026 2176 81.
1060 2141 1157 2170 ante
1181 2130 1287 2170 med.
1319 2131 1485 2169 SOLAN.
1546 2128 1660 2166 Adcli

191 2196 337 2239 potest
359 2186 588 2225 Alexandr.
613 2200 647 2226 ο.
670 2193 737 2232 26.
759 2198 801 2228 et
817 2193 883 2231 39.
908 2197 950 2227 et
971 2187 1081 2227 Adv.
1103 2186 1271 2225 Indoct.
1299 2201 1333 2224 c.
1356 2192 1418 2228 12.
1481 2184 1558 2224 Sed
1580 2182 1659 2225 ὑπὸ

190 2241 342 2290 κόλχον
375 2242 533 2294 legitur
559 2242 686 2282 etiam
723 2243 769 2281 in
797 2245 981 2283 Dissert.
1008 2259 1041 2282 c.
1062 2242 1240 2282 Hesiod.
1262 2257 1296 2283 c.
1315 2248 1353 2285 2.
1389 2241 1466 2279 ubi
1482 2241 1660 2281 Reiizius

191 2313 244 2337 ex
270 2298 495 2337 fler-ocliani
514 2302 612 2338 loco
636 2299 819 2352 quodam
847 2299 1020 2339 eandem
1045 2299 1275 2338 dictionem
1300 2298 1435 2337 affert.
1495 2299 1552 2336 Et
1574 2311 1659 2336 rec-

189 2364 233 2393 te
257 2357 318 2394 sic
337 2368 507 2408 quoque
529 2354 615 2394 dici
644 2369 790 2405 posse,
825 2356 1086 2395 ostendimus
1117 2370 1242 2407 supra
1264 2357 1384 2393 Tom.
1406 2354 1463 2395 Π.
1494 2369 1535 2406 p.
1559 2359 1656 2397 311.

188 2423 248 2463 sq.
309 2412 428 2450 Male
450 2412 596 2464 itaque
622 2413 669 2451 T.
693 2412 738 2450 F.
757 2412 993 2452 Benedictus
1010 2411 1186 2465 phrasin
1207 2407 1288 2452 ’ὑπὸ
1306 2409 1456 2453 κόλπον
1483 2410 1658 2464 linguae

185 2466 351 2520 legibus
376 2465 590 2506 adversari
621 2467 863 2508 arbitratur.
895 2470 1050 2507 LnnM.

299 2523 516 2573 imag-170.
544 2526 659 2566 1-11.
684 2521 748 2564 ”H
777 2524 986 2567 οἰκεῖόν
1013 2541 1060 2566 τι
1089 2525 1173 2565 καὶ
1204 2525 1479 2577 ξυγγενὲς]
1513 2523 1562 2562 In
1587 2523 1655 2562 bis

184 2576 399 2616 abundare
431 2596 468 2620 τι
501 2589 615 2618 ratus
645 2581 692 2618 T.
716 2580 762 2621 F.
784 2581 1019 2620 Benedictus
1046 2580 1200 2619 mutari
1234 2583 1327 2618 vult
1354 2580 1399 2617 in
1422 2598 1484 2625 τε,
1517 2579 1652 2628 unde,

180 2647 276 2671 meo
310 2632 477 2686 quidem
521 2634 689 2686 judicio
705 2668 717 2686 ‚
758 2638 1006 2692 languidior
1046 2636 1294 2688 provenerit
1325 2636 1561 2683 sententia,
1606 2650 1653 2674 ac

176 2688 387 2739 putidior.
447 2690 661 2731 Notioues
699 2693 811 2732 enim
839 2698 913 2735 τοῦ
949 2695 1100 2735 οἰκείου
1127 2700 1170 2730 et
1207 2697 1284 2733 τοῦ
1303 2695 1522 2747 ξυγγενοῦς
1563 2707 1650 2730 ΠΟΠ

176 2743 281 2784 adeo
304 2745 417 2784 inter
439 2761 482 2785 se
505 2747 746 2802 discrepant
761 2781 772 2801 ‚
804 2760 854 2791 ut
871 2748 1093 2805 particulis
1114 2765 1152 2795 τε
1171 2750 1240 2793 καὶ
1262 2758 1380 2790 tanta
1416 2763 1509 2789 cum
1543 2749 1649 2787 sub-
