<?xml version="1.0" encoding="UTF-8"?>
<!DOCTYPE html PUBLIC "-//W3C//DTD XHTML 1.0 Transitional//EN"
    "http://www.w3.org/TR/xhtml1/DTD/xhtml1-transitional.dtd">
<html xmlns="http://www.w3.org/1999/xhtml" xml:lang="en" lang="en">
 <head>
  <title>
</title>
<meta http-equiv="Content-Type" content="text/html;charset=utf-8" />
  <meta name='ocr-system' content='tesseract 3.04.00' />
  <meta name='ocr-capabilities' content='ocr_page ocr_carea ocr_par ocr_line ocrx_word'/>
</head>
<body>
  <div class='ocr_page' id='page_1' title='image "./operagraeceetlat03luciuoft_0526.png"; bbox 0 0 1781 3174; ppageno 0'>
   <div class='ocr_carea' id='block_1_1' title="bbox 203 216 1352 262">
    <p class='ocr_par' dir='ltr' id='par_1_1' title="bbox 203 216 1352 262">
     <span class='ocr_line' id='line_1_1' title="bbox 203 216 1352 262; baseline -0.003 0"><span class='ocrx_word' id='word_1_1' title='bbox 203 216 301 262; x_wconf 78' lang='lat'>488</span> <span class='ocrx_word' id='word_1_2' title='bbox 594 227 1352 260; x_wconf 75' lang='lat' dir='ltr'><strong>ADNOTAT10NE3</strong></span> 
     </span>
    </p>
   </div>
   <div class='ocr_carea' id='block_1_2' title="bbox 204 323 1670 662">
    <p class='ocr_par' dir='ltr' id='par_1_2' title="bbox 204 323 1670 662">
     <span class='ocr_line' id='line_1_2' title="bbox 204 323 1661 383; baseline 0.003 -19"><span class='ocrx_word' id='word_1_3' title='bbox 204 324 423 378; x_wconf 85' lang='lat' dir='ltr'>poeiarum</span> <span class='ocrx_word' id='word_1_4' title='bbox 449 323 660 374; x_wconf 75' lang='lat' dir='ltr'>studium,</span> <span class='ocrx_word' id='word_1_5' title='bbox 691 337 769 362; x_wconf 89' lang='lat' dir='ltr'>nec</span> <span class='ocrx_word' id='word_1_6' title='bbox 790 337 882 363; x_wconf 86' lang='lat' dir='ltr'>raro</span> <span class='ocrx_word' id='word_1_7' title='bbox 904 323 948 362; x_wconf 86' lang='lat' dir='ltr'>in</span> <span class='ocrx_word' id='word_1_8' title='bbox 974 326 1063 377; x_wconf 88' lang='lat' dir='ltr'>ejus</span> <span class='ocrx_word' id='word_1_9' title='bbox 1085 326 1250 380; x_wconf 83' lang='lat' dir='ltr'>generis</span> <span class='ocrx_word' id='word_1_10' title='bbox 1271 326 1434 366; x_wconf 82' lang='lat' dir='ltr'><strong>incidas</strong></span> <span class='ocrx_word' id='word_1_11' title='bbox 1454 331 1661 383; x_wconf 83' lang='lat' dir='ltr'>exempla,</span> 
     </span>
     <span class='ocr_line' id='line_1_3' title="bbox 204 379 1664 434; baseline 0.004 -14"><span class='ocrx_word' id='word_1_12' title='bbox 204 380 414 434; x_wconf 85' lang='lat' dir='ltr'><strong>siquidem</strong></span> <span class='ocrx_word' id='word_1_13' title='bbox 448 381 490 418; x_wconf 89' lang='lat' dir='ltr'>in</span> <span class='ocrx_word' id='word_1_14' title='bbox 524 381 626 419; x_wconf 84' lang='lat' dir='ltr'>talia</span> <span class='ocrx_word' id='word_1_15' title='bbox 657 379 862 419; x_wconf 87' lang='lat' dir='ltr'>attendas.</span> <span class='ocrx_word' id='word_1_16' title='bbox 923 381 1052 420; x_wconf 87' lang='lat' dir='ltr'>Nunc</span> <span class='ocrx_word' id='word_1_17' title='bbox 1080 383 1185 421; x_wconf 84' lang='lat' dir='ltr'>mihi</span> <span class='ocrx_word' id='word_1_18' title='bbox 1215 385 1424 422; x_wconf 87' lang='lat' dir='ltr'><strong>succurrit</strong></span> <span class='ocrx_word' id='word_1_19' title='bbox 1445 399 1467 425; x_wconf 88' lang='lat' dir='ltr'>e</span> <span class='ocrx_word' id='word_1_20' title='bbox 1487 384 1664 426; x_wconf 82' lang='lat' dir='ltr'>Somnio</span> 
     </span>
     <span class='ocr_line' id='line_1_4' title="bbox 204 436 1668 495; baseline 0.004 -19"><span class='ocrx_word' id='word_1_21' title='bbox 204 437 343 476; x_wconf 69' lang='lat' dir='ltr'>Nostri</span> <span class='ocrx_word' id='word_1_22' title='bbox 358 436 529 475; x_wconf 72' lang='lat' dir='ltr'>initium</span> <span class='ocrx_word' id='word_1_23' title='bbox 556 436 875 475; x_wconf 81' lang='lat' dir='ltr'>declamationis</span> <span class='ocrx_word' id='word_1_24' title='bbox 896 436 1011 476; x_wconf 88' lang='lat' dir='ltr'>Artis</span> <span class='ocrx_word' id='word_1_25' title='bbox 1035 439 1272 480; x_wconf 84' lang='lat' dir='ltr'>Statuariae</span> <span class='ocrx_word' id='word_1_26' title='bbox 1292 455 1327 479; x_wconf 89' lang='lat' dir='ltr'>c.</span> <span class='ocrx_word' id='word_1_27' title='bbox 1349 445 1388 483; x_wconf 90' lang='lat'>7.</span> <span class='ocrx_word' id='word_1_28' title='bbox 1416 438 1541 495; x_wconf 71' lang='grc' dir='ltr'><strong><em>Ἐγώ,</em></strong></span> <span class='ocrx_word' id='word_1_29' title='bbox 1574 443 1668 494; x_wconf 80' lang='grc' dir='ltr'><em>φίλε</em></span> 
     </span>
     <span class='ocr_line' id='line_1_5' title="bbox 205 490 1668 550; baseline 0.004 -16"><span class='ocrx_word' id='word_1_30' title='bbox 205 499 299 543; x_wconf 83' lang='grc' dir='ltr'><em>παῖ,</em></span> <span class='ocrx_word' id='word_1_31' title='bbox 325 490 621 547; x_wconf 66' lang='grc' dir='ltr'><em>Ἑρμογλυφική</em></span> <span class='ocrx_word' id='word_1_32' title='bbox 639 494 752 544; x_wconf 82' lang='grc' dir='ltr'><strong><em>τέχνη</em></strong></span> <span class='ocrx_word' id='word_1_33' title='bbox 775 493 873 545; x_wconf 80' lang='grc' dir='ltr'>εἰμὶ,</span> <span class='ocrx_word' id='word_1_34' title='bbox 894 491 946 545; x_wconf 77' lang='grc' dir='ltr'>ἣν</span> <span class='ocrx_word' id='word_1_35' title='bbox 966 494 1062 547; x_wconf 74' lang='grc' dir='ltr'>χθὲς</span> <span class='ocrx_word' id='word_1_36' title='bbox 1079 493 1184 548; x_wconf 77' lang='grc' dir='ltr'><strong><em>ἤρξω</em></strong></span> <span class='ocrx_word' id='word_1_37' title='bbox 1206 495 1454 548; x_wconf 75' lang='grc' dir='ltr'><em>μανθάνειν,</em></span> <span class='ocrx_word' id='word_1_38' title='bbox 1478 497 1551 535; x_wconf 90' lang='lat' dir='ltr'>ubi</span> <span class='ocrx_word' id='word_1_39' title='bbox 1570 515 1668 550; x_wconf 84' lang='grc' dir='ltr'><em>μαν·</em></span> 
     </span>
     <span class='ocr_line' id='line_1_6' title="bbox 204 546 1667 606; baseline 0.005 -21"><span class='ocrx_word' id='word_1_40' title='bbox 204 546 374 599; x_wconf 76' lang='grc' dir='ltr'><em>θάνειν,</em></span> <span class='ocrx_word' id='word_1_41' title='bbox 397 550 433 587; x_wconf 88' lang='lat' dir='ltr'>si</span> <span class='ocrx_word' id='word_1_42' title='bbox 451 563 593 588; x_wconf 86' lang='lat' dir='ltr'>severe</span> <span class='ocrx_word' id='word_1_43' title='bbox 608 548 796 602; x_wconf 82' lang='lat' dir='ltr'>judices,</span> <span class='ocrx_word' id='word_1_44' title='bbox 822 549 961 588; x_wconf 90' lang='lat' dir='ltr'>minus</span> <span class='ocrx_word' id='word_1_45' title='bbox 983 550 1033 589; x_wconf 89' lang='lat' dir='ltr'>ad</span> <span class='ocrx_word' id='word_1_46' title='bbox 1052 566 1296 605; x_wconf 83' lang='lat' dir='ltr'>personam,</span> <span class='ocrx_word' id='word_1_47' title='bbox 1331 567 1436 606; x_wconf 82' lang='lat' dir='ltr'>qnae</span> <span class='ocrx_word' id='word_1_48' title='bbox 1457 554 1667 606; x_wconf 87' lang='lat' dir='ltr'>loquitur,</span> 
     </span>
     <span class='ocr_line' id='line_1_7' title="bbox 207 604 1670 662; baseline 0.005 -20"><span class='ocrx_word' id='word_1_49' title='bbox 207 620 329 659; x_wconf 88' lang='lat' dir='ltr'>quam</span> <span class='ocrx_word' id='word_1_50' title='bbox 349 604 400 643; x_wconf 90' lang='lat' dir='ltr'>ad</span> <span class='ocrx_word' id='word_1_51' title='bbox 422 614 575 654; x_wconf 83' lang='lat' dir='ltr'>artem,</span> <span class='ocrx_word' id='word_1_52' title='bbox 591 612 593 615; x_wconf 80' lang='grc'><em>’</em></span> <span class='ocrx_word' id='word_1_53' title='bbox 610 604 660 644; x_wconf 85' lang='lat' dir='ltr'>de</span> <span class='ocrx_word' id='word_1_54' title='bbox 681 619 760 657; x_wconf 84' lang='lat' dir='ltr'>qua</span> <span class='ocrx_word' id='word_1_55' title='bbox 782 605 996 658; x_wconf 82' lang='lat' dir='ltr'>loquitur,</span> <span class='ocrx_word' id='word_1_56' title='bbox 1026 608 1334 647; x_wconf 88' lang='lat' dir='ltr'>accommodari</span> <span class='ocrx_word' id='word_1_57' title='bbox 1352 620 1492 649; x_wconf 85' lang='lat' dir='ltr'>mente</span> <span class='ocrx_word' id='word_1_58' title='bbox 1513 620 1670 662; x_wconf 87' lang='lat' dir='ltr'>potest.</span> 
     </span>
    </p>
   </div>
   <div class='ocr_carea' id='block_1_3' title="bbox 208 660 1672 770">
    <p class='ocr_par' dir='ltr' id='par_1_3' title="bbox 208 660 1672 770">
     <span class='ocr_line' id='line_1_8' title="bbox 208 660 1672 717; baseline 0.003 -18"><span class='ocrx_word' id='word_1_59' title='bbox 208 661 275 700; x_wconf 86' lang='lat' dir='ltr'>Cf.</span> <span class='ocrx_word' id='word_1_60' title='bbox 295 663 431 702; x_wconf 82' lang='lat' dir='ltr'>Prom.</span> <span class='ocrx_word' id='word_1_61' title='bbox 457 663 500 698; x_wconf 91' lang='lat' dir='ltr'>in</span> <span class='ocrx_word' id='word_1_62' title='bbox 525 660 677 700; x_wconf 87' lang='lat' dir='ltr'>Verbb.</span> <span class='ocrx_word' id='word_1_63' title='bbox 702 676 734 703; x_wconf 80' lang='grc' dir='ltr'>ο.</span> <span class='ocrx_word' id='word_1_64' title='bbox 758 667 795 706; x_wconf 90' lang='grc'>6.</span> <span class='ocrx_word' id='word_1_65' title='bbox 817 661 942 714; x_wconf 85' lang='lat' dir='ltr'>init.,</span> <span class='ocrx_word' id='word_1_66' title='bbox 974 663 1183 717; x_wconf 81' lang='lat' dir='ltr'>imprimis</span> <span class='ocrx_word' id='word_1_67' title='bbox 1202 665 1420 706; x_wconf 81' lang='lat' dir='ltr'>Judicium</span> <span class='ocrx_word' id='word_1_68' title='bbox 1447 666 1672 706; x_wconf 76' lang='lat' dir='ltr'>vocalium</span> 
     </span>
     <span class='ocr_line' id='line_1_9' title="bbox 208 716 840 770; baseline 0.003 -14"><span class='ocrx_word' id='word_1_69' title='bbox 208 716 498 770; x_wconf 83' lang='lat' dir='ltr'>compluribus</span> <span class='ocrx_word' id='word_1_70' title='bbox 517 717 638 758; x_wconf 88' lang='lat' dir='ltr'>locis.</span> <span class='ocrx_word' id='word_1_71' title='bbox 683 718 840 758; x_wconf 72' lang='lat' dir='ltr'>LEnM.</span> 
     </span>
    </p>
   </div>
   <div class='ocr_carea' id='block_1_4' title="bbox 208 793 1681 1527">
    <p class='ocr_par' dir='ltr' id='par_1_4' title="bbox 209 793 1670 912">
     <span class='ocr_line' id='line_1_10' title="bbox 320 793 1670 853; baseline 0.005 -19"><span class='ocrx_word' id='word_1_72' title='bbox 320 794 424 836; x_wconf 76' lang='lat' dir='ltr'>Ead.</span> <span class='ocrx_word' id='word_1_73' title='bbox 445 799 474 836; x_wconf 89' lang='lat' dir='ltr'>l.</span> <span class='ocrx_word' id='word_1_74' title='bbox 495 801 536 839; x_wconf 83' lang='grc'>6.</span> <span class='ocrx_word' id='word_1_75' title='bbox 571 793 674 845; x_wconf 61' lang='lat' dir='ltr'>Zetis·</span> <span class='ocrx_word' id='word_1_76' title='bbox 690 797 877 848; x_wconf 75' lang='grc' dir='ltr'><strong>κλαπεὶς)</strong></span> <span class='ocrx_word' id='word_1_77' title='bbox 913 798 1108 853; x_wconf 69' lang='lat' dir='ltr'>Orpheus,</span> <span class='ocrx_word' id='word_1_78' title='bbox 1129 802 1293 841; x_wconf 82' lang='lat' dir='ltr'><em>Homer.</em></span> <span class='ocrx_word' id='word_1_79' title='bbox 1315 800 1472 841; x_wconf 78' lang='lat' dir='ltr'>Gallim.</span> <span class='ocrx_word' id='word_1_80' title='bbox 1493 802 1670 853; x_wconf 84' lang='lat' dir='ltr'>Hymno</span> 
     </span>
     <span class='ocr_line' id='line_1_11' title="bbox 209 851 1642 912; baseline 0.003 -19"><span class='ocrx_word' id='word_1_81' title='bbox 209 851 254 890; x_wconf 68' lang='lat' dir='ltr'>in</span> <span class='ocrx_word' id='word_1_82' title='bbox 274 852 438 894; x_wconf 79' lang='lat' dir='ltr'>Jovem.</span> <span class='ocrx_word' id='word_1_83' title='bbox 469 854 685 892; x_wconf 69' lang='lat' dir='ltr'>Doctores</span> <span class='ocrx_word' id='word_1_84' title='bbox 712 854 841 903; x_wconf 75' lang='lat' dir='ltr'>sacri,</span> <span class='ocrx_word' id='word_1_85' title='bbox 879 856 1041 896; x_wconf 62' lang='lat' dir='ltr'>Ter-izzll.</span> <span class='ocrx_word' id='word_1_86' title='bbox 1071 856 1184 912; x_wconf 72' lang='lat' dir='ltr'>Qypr.</span> <span class='ocrx_word' id='word_1_87' title='bbox 1204 858 1269 897; x_wconf 88' lang='lat' dir='ltr'>M.</span> <span class='ocrx_word' id='word_1_88' title='bbox 1295 857 1426 897; x_wconf 67' lang='lat' dir='ltr'>Felix.</span> <span class='ocrx_word' id='word_1_89' title='bbox 1460 859 1642 898; x_wconf 63' lang='lat' dir='ltr'>Romu).</span> 
     </span>
    </p>

    <p class='ocr_par' dir='ltr' id='par_1_5' title="bbox 208 907 1681 1527">
     <span class='ocr_line' id='line_1_12' title="bbox 319 907 1674 966; baseline 0.004 -18"><span class='ocrx_word' id='word_1_90' title='bbox 319 908 420 949; x_wconf 80' lang='lat' dir='ltr'><em>EacZ.</em></span> <span class='ocrx_word' id='word_1_91' title='bbox 440 911 467 947; x_wconf 92' lang='lat' dir='ltr'>l.</span> <span class='ocrx_word' id='word_1_92' title='bbox 487 914 524 952; x_wconf 91' lang='grc'>8.</span> <span class='ocrx_word' id='word_1_93' title='bbox 552 907 606 948; x_wconf 71' lang='lat' dir='ltr'>‘O</span> <span class='ocrx_word' id='word_1_94' title='bbox 624 907 834 962; x_wconf 71' lang='grc' dir='ltr'><em>πρότερον)</em></span> <span class='ocrx_word' id='word_1_95' title='bbox 857 912 1115 951; x_wconf 82' lang='lat' dir='ltr'>Mutandum</span> <span class='ocrx_word' id='word_1_96' title='bbox 1137 923 1344 966; x_wconf 81' lang='lat' dir='ltr'>putaram.</span> <span class='ocrx_word' id='word_1_97' title='bbox 1376 915 1429 956; x_wconf 87' lang='lat' dir='ltr'>V.</span> <span class='ocrx_word' id='word_1_98' title='bbox 1445 913 1674 953; x_wconf 73' lang='lat' dir='ltr'>Ver.Hisr.</span> 
     </span>
     <span class='ocr_line' id='line_1_13' title="bbox 208 964 1671 1019; baseline 0.005 -17"><span class='ocrx_word' id='word_1_99' title='bbox 208 964 269 1005; x_wconf 85' lang='lat' dir='ltr'>H.</span> <span class='ocrx_word' id='word_1_100' title='bbox 290 979 324 1004; x_wconf 88' lang='lat' dir='ltr'>c.</span> <span class='ocrx_word' id='word_1_101' title='bbox 345 970 385 1008; x_wconf 84' lang='grc'>9.</span> <span class='ocrx_word' id='word_1_102' title='bbox 447 964 531 1005; x_wconf 79' lang='lat' dir='ltr'>Sed</span> <span class='ocrx_word' id='word_1_103' title='bbox 554 975 594 1003; x_wconf 87' lang='lat' dir='ltr'>et</span> <span class='ocrx_word' id='word_1_104' title='bbox 615 966 673 1003; x_wconf 88' lang='lat' dir='ltr'>sic</span> <span class='ocrx_word' id='word_1_105' title='bbox 698 976 808 1005; x_wconf 79' lang='lat' dir='ltr'>stare</span> <span class='ocrx_word' id='word_1_106' title='bbox 833 977 986 1019; x_wconf 81' lang='lat' dir='ltr'>potest.</span> <span class='ocrx_word' id='word_1_107' title='bbox 1021 968 1193 1009; x_wconf 80' lang='lat' dir='ltr'><strong>SOLAN.</strong></span> <span class='ocrx_word' id='word_1_108' title='bbox 1258 971 1303 1008; x_wconf 83' lang='lat' dir='ltr'>ln</span> <span class='ocrx_word' id='word_1_109' title='bbox 1325 970 1421 1009; x_wconf 80' lang='lat' dir='ltr'>Ver.</span> <span class='ocrx_word' id='word_1_110' title='bbox 1446 971 1560 1009; x_wconf 84' lang='lat' dir='ltr'>Hist.</span> <span class='ocrx_word' id='word_1_111' title='bbox 1581 973 1609 1008; x_wconf 94' lang='grc'>1.</span> <span class='ocrx_word' id='word_1_112' title='bbox 1636 985 1671 1010; x_wconf 89' lang='lat' dir='ltr'>c.</span> 
     </span>
     <span class='ocr_line' id='line_1_14' title="bbox 208 1019 1674 1079; baseline 0.004 -21"><span class='ocrx_word' id='word_1_113' title='bbox 208 1021 370 1075; x_wconf 79' lang='lat' dir='ltr'>legitur</span> <span class='ocrx_word' id='word_1_114' title='bbox 390 1026 551 1075; x_wconf 80' lang='grc' dir='ltr'><em>Κῦρον,</em></span> <span class='ocrx_word' id='word_1_115' title='bbox 581 1019 651 1063; x_wconf 83' lang='grc' dir='ltr'>τὸν</span> <span class='ocrx_word' id='word_1_116' title='bbox 668 1020 879 1077; x_wconf 78' lang='grc' dir='ltr'><em>πρότερον,</em></span> <span class='ocrx_word' id='word_1_117' title='bbox 913 1024 1028 1076; x_wconf 90' lang='lat' dir='ltr'>quod</span> <span class='ocrx_word' id='word_1_118' title='bbox 1048 1034 1186 1063; x_wconf 87' lang='lat' dir='ltr'>utrum</span> <span class='ocrx_word' id='word_1_119' title='bbox 1210 1025 1484 1079; x_wconf 77' lang='lat' dir='ltr'>Adjectivum</span> <span class='ocrx_word' id='word_1_120' title='bbox 1506 1027 1584 1074; x_wconf 80' lang='lat' dir='ltr'>sit,</span> <span class='ocrx_word' id='word_1_121' title='bbox 1619 1040 1674 1064; x_wconf 86' lang='lat' dir='ltr'>an</span> 
     </span>
     <span class='ocr_line' id='line_1_15' title="bbox 211 1077 1677 1135; baseline 0.003 -19"><span class='ocrx_word' id='word_1_122' title='bbox 211 1077 496 1128; x_wconf 87' lang='lat' dir='ltr'>Adverbium‚</span> <span class='ocrx_word' id='word_1_123' title='bbox 527 1093 578 1117; x_wconf 78' lang='lat' dir='ltr'>ex</span> <span class='ocrx_word' id='word_1_124' title='bbox 614 1079 719 1130; x_wconf 87' lang='lat' dir='ltr'>ipsis</span> <span class='ocrx_word' id='word_1_125' title='bbox 749 1079 815 1118; x_wconf 89' lang='lat' dir='ltr'>his</span> <span class='ocrx_word' id='word_1_126' title='bbox 847 1081 984 1119; x_wconf 85' lang='lat' dir='ltr'>verbis</span> <span class='ocrx_word' id='word_1_127' title='bbox 1017 1096 1102 1119; x_wconf 90' lang='lat' dir='ltr'>non</span> <span class='ocrx_word' id='word_1_128' title='bbox 1139 1091 1280 1134; x_wconf 81' lang='lat' dir='ltr'>potest</span> <span class='ocrx_word' id='word_1_129' title='bbox 1311 1081 1492 1135; x_wconf 77' lang='lat' dir='ltr'>dispici,</span> <span class='ocrx_word' id='word_1_130' title='bbox 1535 1095 1677 1134; x_wconf 86' lang='lat' dir='ltr'>neque</span> 
     </span>
     <span class='ocr_line' id='line_1_16' title="bbox 213 1133 1678 1191; baseline 0.003 -20"><span class='ocrx_word' id='word_1_131' title='bbox 213 1133 318 1172; x_wconf 86' lang='lat' dir='ltr'>adeo</span> <span class='ocrx_word' id='word_1_132' title='bbox 348 1134 579 1188; x_wconf 85' lang='lat' dir='ltr'>quidquam</span> <span class='ocrx_word' id='word_1_133' title='bbox 611 1135 654 1172; x_wconf 83' lang='lat' dir='ltr'>in</span> <span class='ocrx_word' id='word_1_134' title='bbox 686 1138 850 1184; x_wconf 86' lang='lat' dir='ltr'>locum,</span> <span class='ocrx_word' id='word_1_135' title='bbox 895 1139 968 1190; x_wconf 90' lang='lat' dir='ltr'>qui</span> <span class='ocrx_word' id='word_1_136' title='bbox 996 1152 1111 1175; x_wconf 90' lang='lat' dir='ltr'>nunc</span> <span class='ocrx_word' id='word_1_137' title='bbox 1141 1137 1303 1191; x_wconf 80' lang='lat' dir='ltr'>agitur,</span> <span class='ocrx_word' id='word_1_138' title='bbox 1335 1137 1521 1190; x_wconf 84' lang='lat' dir='ltr'>probari.</span> <span class='ocrx_word' id='word_1_139' title='bbox 1581 1138 1678 1177; x_wconf 87' lang='lat' dir='ltr'>Va-</span> 
     </span>
     <span class='ocr_line' id='line_1_17' title="bbox 211 1189 1676 1248; baseline 0.003 -19"><span class='ocrx_word' id='word_1_140' title='bbox 211 1190 326 1229; x_wconf 87' lang='lat' dir='ltr'>riant</span> <span class='ocrx_word' id='word_1_141' title='bbox 347 1202 507 1230; x_wconf 88' lang='lat' dir='ltr'>veteres</span> <span class='ocrx_word' id='word_1_142' title='bbox 530 1191 573 1228; x_wconf 88' lang='lat' dir='ltr'>in</span> <span class='ocrx_word' id='word_1_143' title='bbox 594 1189 898 1246; x_wconf 80' lang='lat' dir='ltr'>distinguendo</span> <span class='ocrx_word' id='word_1_144' title='bbox 919 1197 1075 1247; x_wconf 86' lang='lat' dir='ltr'>majore</span> <span class='ocrx_word' id='word_1_145' title='bbox 1097 1194 1211 1246; x_wconf 80' lang='lat' dir='ltr'>Cyro</span> <span class='ocrx_word' id='word_1_146' title='bbox 1239 1208 1259 1231; x_wconf 87' lang='lat' dir='ltr'>a</span> <span class='ocrx_word' id='word_1_147' title='bbox 1283 1194 1459 1234; x_wconf 86' lang='lat' dir='ltr'>minore.</span> <span class='ocrx_word' id='word_1_148' title='bbox 1492 1194 1676 1248; x_wconf 69' lang='lat' dir='ltr'>Xenoph.</span> 
     </span>
     <span class='ocr_line' id='line_1_18' title="bbox 211 1246 1680 1304; baseline 0.003 -19"><span class='ocrx_word' id='word_1_149' title='bbox 211 1246 346 1287; x_wconf 84' lang='lat' dir='ltr'>Anab.</span> <span class='ocrx_word' id='word_1_150' title='bbox 365 1247 411 1299; x_wconf 74' lang='lat' dir='ltr'>I,</span> <span class='ocrx_word' id='word_1_151' title='bbox 441 1252 491 1296; x_wconf 83' lang='lat'>9,</span> <span class='ocrx_word' id='word_1_152' title='bbox 529 1253 565 1289; x_wconf 90' lang='lat'>1.</span> <span class='ocrx_word' id='word_1_153' title='bbox 602 1246 762 1286; x_wconf 81' lang='lat' dir='ltr'>dicitur</span> <span class='ocrx_word' id='word_1_154' title='bbox 788 1253 926 1304; x_wconf 73' lang='grc' dir='ltr'><em>Κῦρος</em></span> <span class='ocrx_word' id='word_1_155' title='bbox 954 1248 976 1291; x_wconf 82' lang='grc' dir='ltr'><strong><em>ὅ</em></strong></span> <span class='ocrx_word' id='word_1_156' title='bbox 1007 1247 1187 1304; x_wconf 62' lang='grc' dir='ltr'><em>ἄρχαῖόξ,</em></span> <span class='ocrx_word' id='word_1_157' title='bbox 1224 1249 1402 1304; x_wconf 79' lang='lat' dir='ltr'>lencycl.</span> <span class='ocrx_word' id='word_1_158' title='bbox 1422 1265 1462 1303; x_wconf 87' lang='lat' dir='ltr'>p.</span> <span class='ocrx_word' id='word_1_159' title='bbox 1491 1255 1530 1293; x_wconf 85' lang='lat'>9.</span> <span class='ocrx_word' id='word_1_160' title='bbox 1558 1257 1623 1294; x_wconf 77' lang='lat'>13.</span> <span class='ocrx_word' id='word_1_161' title='bbox 1656 1246 1680 1292; x_wconf 75' lang='grc' dir='ltr'>ὅ</span> 
     </span>
     <span class='ocr_line' id='line_1_19' title="bbox 215 1304 1680 1360; baseline 0.004 -17"><span class='ocrx_word' id='word_1_162' title='bbox 215 1307 385 1352; x_wconf 78' lang='grc' dir='ltr'><em>Περσῶν</em></span> <span class='ocrx_word' id='word_1_163' title='bbox 414 1308 573 1356; x_wconf 70' lang='grc' dir='ltr'><strong><em>πρῶτος</em></strong></span> <span class='ocrx_word' id='word_1_164' title='bbox 598 1304 838 1356; x_wconf 76' lang='grc' dir='ltr'><em>βασιλεύων,</em></span> <span class='ocrx_word' id='word_1_165' title='bbox 878 1306 1050 1348; x_wconf 75' lang='lat' dir='ltr'>Pausan.</span> <span class='ocrx_word' id='word_1_166' title='bbox 1089 1308 1216 1357; x_wconf 86' lang='lat' dir='ltr'>VIII,</span> <span class='ocrx_word' id='word_1_167' title='bbox 1250 1313 1317 1350; x_wconf 79' lang='grc'>43.</span> <span class='ocrx_word' id='word_1_168' title='bbox 1351 1305 1373 1348; x_wconf 82' lang='grc' dir='ltr'>ὁ</span> <span class='ocrx_word' id='word_1_169' title='bbox 1401 1304 1680 1360; x_wconf 74' lang='grc' dir='ltr'><em>πρεσβύτερος,</em></span> 
     </span>
     <span class='ocr_line' id='line_1_20' title="bbox 215 1359 1678 1412; baseline 0.002 -15"><span class='ocrx_word' id='word_1_170' title='bbox 215 1359 330 1411; x_wconf 78' lang='lat' dir='ltr'>apud</span> <span class='ocrx_word' id='word_1_171' title='bbox 359 1360 548 1398; x_wconf 77' lang='lat' dir='ltr'>Nostrum</span> <span class='ocrx_word' id='word_1_172' title='bbox 577 1360 771 1399; x_wconf 80' lang='lat' dir='ltr'>Macrob.</span> <span class='ocrx_word' id='word_1_173' title='bbox 810 1376 845 1400; x_wconf 86' lang='lat' dir='ltr'>e.</span> <span class='ocrx_word' id='word_1_174' title='bbox 879 1367 942 1405; x_wconf 85' lang='lat'>14.</span> <span class='ocrx_word' id='word_1_175' title='bbox 980 1360 999 1405; x_wconf 83' lang='grc' dir='ltr'><em>ὃ</em></span> <span class='ocrx_word' id='word_1_176' title='bbox 1029 1363 1210 1412; x_wconf 76' lang='grc' dir='ltr'><strong><em>παλαιός.</em></strong></span> <span class='ocrx_word' id='word_1_177' title='bbox 1272 1363 1365 1403; x_wconf 88' lang='lat' dir='ltr'>Jam</span> <span class='ocrx_word' id='word_1_178' title='bbox 1395 1363 1475 1402; x_wconf 86' lang='lat' dir='ltr'>etsi</span> <span class='ocrx_word' id='word_1_179' title='bbox 1504 1364 1549 1401; x_wconf 87' lang='lat' dir='ltr'>in</span> <span class='ocrx_word' id='word_1_180' title='bbox 1581 1364 1678 1404; x_wconf 87' lang='lat' dir='ltr'>Ver.</span> 
     </span>
     <span class='ocr_line' id='line_1_21' title="bbox 213 1413 1681 1471; baseline 0.003 -17"><span class='ocrx_word' id='word_1_181' title='bbox 213 1415 333 1456; x_wconf 84' lang='lat' dir='ltr'>Hist.</span> <span class='ocrx_word' id='word_1_182' title='bbox 364 1415 434 1457; x_wconf 83' lang='grc' dir='ltr'>τὸν</span> <span class='ocrx_word' id='word_1_183' title='bbox 458 1413 655 1468; x_wconf 73' lang='grc' dir='ltr'><em>πρότερον</em></span> <span class='ocrx_word' id='word_1_184' title='bbox 685 1417 950 1470; x_wconf 86' lang='lat' dir='ltr'>probabilius</span> <span class='ocrx_word' id='word_1_185' title='bbox 983 1433 1059 1471; x_wconf 85' lang='lat' dir='ltr'>pro</span> <span class='ocrx_word' id='word_1_186' title='bbox 1089 1419 1317 1471; x_wconf 88' lang='lat' dir='ltr'>Adjectivo</span> <span class='ocrx_word' id='word_1_187' title='bbox 1349 1418 1552 1471; x_wconf 85' lang='lat' dir='ltr'>habetur,</span> <span class='ocrx_word' id='word_1_188' title='bbox 1581 1418 1681 1458; x_wconf 88' lang='lat' dir='ltr'>ideo</span> 
     </span>
     <span class='ocr_line' id='line_1_22' title="bbox 216 1469 1392 1527; baseline 0.002 -17"><span class='ocrx_word' id='word_1_189' title='bbox 216 1482 357 1511; x_wconf 84' lang='lat' dir='ltr'>tamen</span> <span class='ocrx_word' id='word_1_190' title='bbox 380 1471 422 1511; x_wconf 84' lang='lat' dir='ltr'>h.</span> <span class='ocrx_word' id='word_1_191' title='bbox 443 1476 470 1512; x_wconf 90' lang='lat' dir='ltr'>l.</span> <span class='ocrx_word' id='word_1_192' title='bbox 495 1469 514 1513; x_wconf 83' lang='grc' dir='ltr'><em>ὅ</em></span> <span class='ocrx_word' id='word_1_193' title='bbox 536 1471 733 1527; x_wconf 76' lang='grc' dir='ltr'><em>πρότερον</em></span> <span class='ocrx_word' id='word_1_194' title='bbox 756 1472 947 1512; x_wconf 84' lang='lat' dir='ltr'>damnari</span> <span class='ocrx_word' id='word_1_195' title='bbox 969 1476 1192 1514; x_wconf 82' lang='lat' dir='ltr'>noluerim.</span> <span class='ocrx_word' id='word_1_196' title='bbox 1234 1476 1392 1516; x_wconf 67' lang='lat' dir='ltr'>Lnnm.</span> 
     </span>
    </p>
   </div>
   <div class='ocr_carea' id='block_1_5' title="bbox 217 1549 1697 2673">
    <p class='ocr_par' dir='ltr' id='par_1_6' title="bbox 217 1549 1688 1941">
     <span class='ocr_line' id='line_1_23' title="bbox 330 1549 1683 1607; baseline 0.004 -18"><span class='ocrx_word' id='word_1_197' title='bbox 330 1551 437 1590; x_wconf 72' lang='lat' dir='ltr'>Eacl.</span> <span class='ocrx_word' id='word_1_198' title='bbox 459 1553 489 1592; x_wconf 92' lang='grc'>1.</span> <span class='ocrx_word' id='word_1_199' title='bbox 513 1556 576 1593; x_wconf 87' lang='grc'>10.</span> <span class='ocrx_word' id='word_1_200' title='bbox 595 1549 748 1605; x_wconf 71' lang='grc' dir='ltr'><em>’Έγημε</em></span> <span class='ocrx_word' id='word_1_201' title='bbox 771 1551 835 1607; x_wconf 78' lang='grc' dir='ltr'>δὲ)</span> <span class='ocrx_word' id='word_1_202' title='bbox 868 1553 987 1607; x_wconf 77' lang='lat' dir='ltr'>Quos</span> <span class='ocrx_word' id='word_1_203' title='bbox 1010 1563 1202 1593; x_wconf 86' lang='lat' dir='ltr'>auctores</span> <span class='ocrx_word' id='word_1_204' title='bbox 1222 1563 1391 1592; x_wconf 87' lang='lat' dir='ltr'>secutus</span> <span class='ocrx_word' id='word_1_205' title='bbox 1411 1553 1487 1604; x_wconf 83' lang='lat' dir='ltr'>sit,</span> <span class='ocrx_word' id='word_1_206' title='bbox 1518 1553 1683 1594; x_wconf 86' lang='lat' dir='ltr'>nescire</span> 
     </span>
     <span class='ocr_line' id='line_1_24' title="bbox 217 1607 1686 1661; baseline 0.001 -15"><span class='ocrx_word' id='word_1_207' title='bbox 217 1621 285 1646; x_wconf 87' lang='lat' dir='ltr'>me</span> <span class='ocrx_word' id='word_1_208' title='bbox 308 1607 457 1648; x_wconf 85' lang='lat' dir='ltr'>fateor.</span> <span class='ocrx_word' id='word_1_209' title='bbox 516 1607 752 1647; x_wconf 76' lang='lat' dir='ltr'>Scholiasies</span> <span class='ocrx_word' id='word_1_210' title='bbox 781 1620 892 1649; x_wconf 85' lang='lat' dir='ltr'>certe</span> <span class='ocrx_word' id='word_1_211' title='bbox 925 1611 1139 1649; x_wconf 84' lang='lat' dir='ltr'>Latonam</span> <span class='ocrx_word' id='word_1_212' title='bbox 1171 1609 1318 1648; x_wconf 86' lang='lat' dir='ltr'>harum</span> <span class='ocrx_word' id='word_1_213' title='bbox 1351 1624 1539 1647; x_wconf 85' lang='lat' dir='ltr'>uxorum</span> <span class='ocrx_word' id='word_1_214' title='bbox 1562 1610 1686 1661; x_wconf 86' lang='lat' dir='ltr'>prio--</span> 
     </span>
     <span class='ocr_line' id='line_1_25' title="bbox 217 1664 1684 1709; baseline 0.001 -8"><span class='ocrx_word' id='word_1_215' title='bbox 217 1679 311 1702; x_wconf 85' lang='lat' dir='ltr'>rum</span> <span class='ocrx_word' id='word_1_216' title='bbox 345 1678 470 1701; x_wconf 90' lang='lat' dir='ltr'>unam</span> <span class='ocrx_word' id='word_1_217' title='bbox 503 1664 620 1701; x_wconf 75' lang='lat' dir='ltr'>facit.</span> <span class='ocrx_word' id='word_1_218' title='bbox 681 1665 812 1707; x_wconf 64' lang='lat' dir='ltr'>schol.</span> <span class='ocrx_word' id='word_1_219' title='bbox 836 1665 888 1704; x_wconf 82' lang='lat' dir='ltr'>ad</span> <span class='ocrx_word' id='word_1_220' title='bbox 917 1665 1011 1706; x_wconf 86' lang='lat' dir='ltr'>Jov.</span> <span class='ocrx_word' id='word_1_221' title='bbox 1036 1666 1163 1705; x_wconf 86' lang='lat' dir='ltr'>Conf.</span> <span class='ocrx_word' id='word_1_222' title='bbox 1187 1680 1220 1707; x_wconf 92' lang='lat' dir='ltr'>c.</span> <span class='ocrx_word' id='word_1_223' title='bbox 1243 1671 1308 1709; x_wconf 64' lang='lat'>1¹7.</span> <span class='ocrx_word' id='word_1_224' title='bbox 1341 1667 1510 1706; x_wconf 77' lang='lat' dir='ltr'><strong>SOLAN.</strong></span> <span class='ocrx_word' id='word_1_225' title='bbox 1570 1667 1684 1704; x_wconf 84' lang='lat' dir='ltr'>Lar-</span> 
     </span>
     <span class='ocr_line' id='line_1_26' title="bbox 221 1719 1685 1774; baseline 0.003 -18"><span class='ocrx_word' id='word_1_226' title='bbox 221 1733 298 1773; x_wconf 81' lang='lat' dir='ltr'>gns</span> <span class='ocrx_word' id='word_1_227' title='bbox 327 1729 390 1758; x_wconf 87' lang='lat' dir='ltr'>est</span> <span class='ocrx_word' id='word_1_228' title='bbox 421 1719 622 1758; x_wconf 72' lang='lat' dir='ltr'>Hesiodus</span> <span class='ocrx_word' id='word_1_229' title='bbox 661 1721 704 1758; x_wconf 90' lang='lat' dir='ltr'>in</span> <span class='ocrx_word' id='word_1_230' title='bbox 741 1722 1036 1761; x_wconf 86' lang='lat' dir='ltr'>enumerandis</span> <span class='ocrx_word' id='word_1_231' title='bbox 1072 1722 1289 1774; x_wconf 84' lang='lat' dir='ltr'>prioribus</span> <span class='ocrx_word' id='word_1_232' title='bbox 1323 1721 1445 1762; x_wconf 84' lang='lat' dir='ltr'>Jovis</span> <span class='ocrx_word' id='word_1_233' title='bbox 1479 1722 1685 1761; x_wconf 87' lang='lat' dir='ltr'>uxoribus</span> 
     </span>
     <span class='ocr_line' id='line_1_27' title="bbox 218 1775 1685 1830; baseline 0.001 -18"><span class='ocrx_word' id='word_1_234' title='bbox 218 1775 447 1829; x_wconf 79' lang='lat' dir='ltr'>Theogon.</span> <span class='ocrx_word' id='word_1_235' title='bbox 478 1791 517 1815; x_wconf 83' lang='lat' dir='ltr'>v.</span> <span class='ocrx_word' id='word_1_236' title='bbox 549 1781 645 1820; x_wconf 83' lang='lat'><strong>886.</strong></span> <span class='ocrx_word' id='word_1_237' title='bbox 678 1791 738 1830; x_wconf 86' lang='lat' dir='ltr'>sq.</span> <span class='ocrx_word' id='word_1_238' title='bbox 792 1779 1012 1816; x_wconf 63' lang='lat' dir='ltr'>,Recenset</span> <span class='ocrx_word' id='word_1_239' title='bbox 1044 1777 1244 1830; x_wconf 85' lang='lat' dir='ltr'>deinceps</span> <span class='ocrx_word' id='word_1_240' title='bbox 1281 1777 1449 1825; x_wconf 73' lang='lat' dir='ltr'>Metiri,</span> <span class='ocrx_word' id='word_1_241' title='bbox 1483 1777 1685 1825; x_wconf 81' lang='lat' dir='ltr'>Themin,</span> 
     </span>
     <span class='ocr_line' id='line_1_28' title="bbox 218 1833 1688 1887; baseline 0.001 -17"><span class='ocrx_word' id='word_1_242' title='bbox 218 1833 525 1883; x_wconf 80' lang='lat' dir='ltr'>Eurynomen,</span> <span class='ocrx_word' id='word_1_243' title='bbox 560 1833 767 1880; x_wconf 77' lang='lat' dir='ltr'>Cererem,</span> <span class='ocrx_word' id='word_1_244' title='bbox 798 1835 1142 1887; x_wconf 81' lang='lat' dir='ltr'>Mnemosynen,</span> <span class='ocrx_word' id='word_1_245' title='bbox 1174 1835 1403 1886; x_wconf 77' lang='lat' dir='ltr'>Latonam,</span> <span class='ocrx_word' id='word_1_246' title='bbox 1433 1843 1688 1886; x_wconf 83' lang='lat' dir='ltr'>postremam</span> 
     </span>
     <span class='ocr_line' id='line_1_29' title="bbox 221 1887 858 1941; baseline 0.003 -15"><span class='ocrx_word' id='word_1_247' title='bbox 221 1887 406 1941; x_wconf 83' lang='lat' dir='ltr'>denique</span> <span class='ocrx_word' id='word_1_248' title='bbox 427 1889 655 1929; x_wconf 86' lang='lat' dir='ltr'>Junonem.</span> <span class='ocrx_word' id='word_1_249' title='bbox 700 1890 858 1928; x_wconf 77' lang='lat' dir='ltr'>LmrM.</span> 
     </span>
    </p>

    <p class='ocr_par' dir='ltr' id='par_1_7' title="bbox 222 1944 1697 2673">
     <span class='ocr_line' id='line_1_30' title="bbox 335 1944 1688 2001; baseline 0.002 -19"><span class='ocrx_word' id='word_1_250' title='bbox 335 1944 438 1985; x_wconf 62' lang='lat' dir='ltr'>Eacl.</span> <span class='ocrx_word' id='word_1_251' title='bbox 460 1948 487 1984; x_wconf 88' lang='lat'>1.</span> <span class='ocrx_word' id='word_1_252' title='bbox 513 1951 577 1988; x_wconf 87' lang='lat'>11.</span> <span class='ocrx_word' id='word_1_253' title='bbox 621 1944 735 1987; x_wconf 74' lang='grc' dir='ltr'>Κατὰ</span> <span class='ocrx_word' id='word_1_254' title='bbox 764 1945 860 1995; x_wconf 77' lang='grc' dir='ltr'>τούς</span> <span class='ocrx_word' id='word_1_255' title='bbox 893 1951 949 1987; x_wconf 92' lang='grc' dir='ltr'>Π.</span> <span class='ocrx_word' id='word_1_256' title='bbox 980 1969 1036 1977; x_wconf 91' lang='lat'>--·</span> <span class='ocrx_word' id='word_1_257' title='bbox 1064 1945 1245 2001; x_wconf 83' lang='grc' dir='ltr'><em>νόμους)</em></span> <span class='ocrx_word' id='word_1_258' title='bbox 1286 1947 1419 1986; x_wconf 88' lang='lat' dir='ltr'>Paulo</span> <span class='ocrx_word' id='word_1_259' title='bbox 1450 1945 1573 1985; x_wconf 86' lang='lat' dir='ltr'>aliter</span> <span class='ocrx_word' id='word_1_260' title='bbox 1601 1960 1688 1985; x_wconf 90' lang='lat' dir='ltr'>rem</span> 
     </span>
     <span class='ocr_line' id='line_1_31' title="bbox 222 2002 1690 2056; baseline 0.001 -16"><span class='ocrx_word' id='word_1_261' title='bbox 222 2004 355 2055; x_wconf 80' lang='lat' dir='ltr'>vulgo</span> <span class='ocrx_word' id='word_1_262' title='bbox 385 2012 570 2041; x_wconf 87' lang='lat' dir='ltr'>narrant.</span> <span class='ocrx_word' id='word_1_263' title='bbox 632 2003 832 2041; x_wconf 86' lang='lat' dir='ltr'>Consulti</span> <span class='ocrx_word' id='word_1_264' title='bbox 866 2004 971 2055; x_wconf 87' lang='lat' dir='ltr'>juris</span> <span class='ocrx_word' id='word_1_265' title='bbox 1000 2003 1111 2056; x_wconf 92' lang='lat' dir='ltr'>apud</span> <span class='ocrx_word' id='word_1_266' title='bbox 1140 2004 1286 2042; x_wconf 83' lang='lat' dir='ltr'>Persas</span> <span class='ocrx_word' id='word_1_267' title='bbox 1318 2002 1555 2050; x_wconf 84' lang='lat' dir='ltr'>antistites,</span> <span class='ocrx_word' id='word_1_268' title='bbox 1587 2002 1690 2042; x_wconf 89' lang='lat' dir='ltr'>lice-</span> 
     </span>
     <span class='ocr_line' id='line_1_32' title="bbox 222 2057 1692 2111; baseline -0.001 -14"><span class='ocrx_word' id='word_1_269' title='bbox 222 2067 342 2097; x_wconf 84' lang='lat' dir='ltr'>retne</span> <span class='ocrx_word' id='word_1_270' title='bbox 360 2058 449 2111; x_wconf 80' lang='lat' dir='ltr'>regi</span> <span class='ocrx_word' id='word_1_271' title='bbox 480 2073 664 2097; x_wconf 86' lang='lat' dir='ltr'>sororem</span> <span class='ocrx_word' id='word_1_272' title='bbox 687 2060 836 2097; x_wconf 81' lang='lat' dir='ltr'>uxoris</span> <span class='ocrx_word' id='word_1_273' title='bbox 864 2062 960 2098; x_wconf 90' lang='lat' dir='ltr'>loco</span> <span class='ocrx_word' id='word_1_274' title='bbox 983 2058 1159 2110; x_wconf 79' lang='lat' dir='ltr'>habere,</span> <span class='ocrx_word' id='word_1_275' title='bbox 1191 2057 1522 2111; x_wconf 81' lang='lat' dir='ltr'>responderunt,</span> <span class='ocrx_word' id='word_1_276' title='bbox 1557 2058 1692 2097; x_wconf 86' lang='lat' dir='ltr'>vetari</span> 
     </span>
     <span class='ocr_line' id='line_1_33' title="bbox 223 2113 1692 2169; baseline -0.001 -17"><span class='ocrx_word' id='word_1_277' title='bbox 223 2114 310 2152; x_wconf 83' lang='lat' dir='ltr'>hoc</span> <span class='ocrx_word' id='word_1_278' title='bbox 339 2114 510 2167; x_wconf 87' lang='lat' dir='ltr'>quidem</span> <span class='ocrx_word' id='word_1_279' title='bbox 539 2115 729 2168; x_wconf 79' lang='lat' dir='ltr'>legibus3</span> <span class='ocrx_word' id='word_1_280' title='bbox 773 2115 846 2154; x_wconf 82' lang='lat' dir='ltr'>sed</span> <span class='ocrx_word' id='word_1_281' title='bbox 879 2130 968 2154; x_wconf 89' lang='lat' dir='ltr'>esse</span> <span class='ocrx_word' id='word_1_282' title='bbox 1009 2119 1170 2169; x_wconf 83' lang='lat' dir='ltr'>legem,</span> <span class='ocrx_word' id='word_1_283' title='bbox 1216 2129 1298 2168; x_wconf 90' lang='lat' dir='ltr'>qua</span> <span class='ocrx_word' id='word_1_284' title='bbox 1330 2114 1442 2167; x_wconf 84' lang='lat' dir='ltr'>regi,</span> <span class='ocrx_word' id='word_1_285' title='bbox 1484 2113 1692 2168; x_wconf 79' lang='lat' dir='ltr'>quicquid.</span> 
     </span>
     <span class='ocr_line' id='line_1_34' title="bbox 224 2169 1690 2222; baseline 0.001 -14"><span class='ocrx_word' id='word_1_286' title='bbox 224 2175 344 2217; x_wconf 86' lang='lat' dir='ltr'>vult,</span> <span class='ocrx_word' id='word_1_287' title='bbox 384 2171 501 2211; x_wconf 87' lang='lat' dir='ltr'>licet.</span> <span class='ocrx_word' id='word_1_288' title='bbox 560 2171 742 2210; x_wconf 73' lang='lat' dir='ltr'>D‘Iuretus</span> <span class='ocrx_word' id='word_1_289' title='bbox 769 2172 895 2222; x_wconf 85' lang='lat' dir='ltr'>(Var.</span> <span class='ocrx_word' id='word_1_290' title='bbox 926 2172 1048 2210; x_wconf 88' lang='lat' dir='ltr'>Lect.</span> <span class='ocrx_word' id='word_1_291' title='bbox 1079 2172 1185 2220; x_wconf 79' lang='lat' dir='ltr'>VH,</span> <span class='ocrx_word' id='word_1_292' title='bbox 1216 2174 1282 2222; x_wconf 83' lang='lat'>1.)</span> <span class='ocrx_word' id='word_1_293' title='bbox 1313 2170 1512 2209; x_wconf 86' lang='lat' dir='ltr'>adversus</span> <span class='ocrx_word' id='word_1_294' title='bbox 1539 2169 1690 2209; x_wconf 84' lang='lat' dir='ltr'>Aemil.</span> 
     </span>
     <span class='ocr_line' id='line_1_35' title="bbox 223 2225 1693 2279; baseline -0.001 -14"><span class='ocrx_word' id='word_1_295' title='bbox 223 2226 413 2277; x_wconf 71' lang='lat' dir='ltr'>Probum,</span> <span class='ocrx_word' id='word_1_296' title='bbox 455 2226 566 2265; x_wconf 83' lang='lat' dir='ltr'>idem</span> <span class='ocrx_word' id='word_1_297' title='bbox 601 2228 713 2279; x_wconf 83' lang='lat' dir='ltr'>apud</span> <span class='ocrx_word' id='word_1_298' title='bbox 743 2228 927 2266; x_wconf 85' lang='lat' dir='ltr'>Graecos</span> <span class='ocrx_word' id='word_1_299' title='bbox 963 2229 1157 2274; x_wconf 85' lang='lat' dir='ltr'>licuisse,</span> <span class='ocrx_word' id='word_1_300' title='bbox 1202 2227 1433 2266; x_wconf 86' lang='lat' dir='ltr'>orationem</span> <span class='ocrx_word' id='word_1_301' title='bbox 1462 2225 1693 2265; x_wconf 72' lang='lat' dir='ltr'>Andociclis</span> 
     </span>
     <span class='ocr_line' id='line_1_36' title="bbox 225 2282 1691 2338; baseline 0.001 -19"><span class='ocrx_word' id='word_1_302' title='bbox 225 2282 428 2321; x_wconf 82' lang='lat' dir='ltr'>adversus</span> <span class='ocrx_word' id='word_1_303' title='bbox 449 2283 716 2321; x_wconf 81' lang='lat' dir='ltr'>Alcibiadem</span> <span class='ocrx_word' id='word_1_304' title='bbox 741 2283 939 2334; x_wconf 85' lang='lat' dir='ltr'>adducit,</span> <span class='ocrx_word' id='word_1_305' title='bbox 971 2284 1015 2321; x_wconf 85' lang='lat' dir='ltr'>in</span> <span class='ocrx_word' id='word_1_306' title='bbox 1047 2298 1125 2338; x_wconf 88' lang='lat' dir='ltr'>qua</span> <span class='ocrx_word' id='word_1_307' title='bbox 1150 2292 1364 2333; x_wconf 83' lang='lat' dir='ltr'>narratur,</span> <span class='ocrx_word' id='word_1_308' title='bbox 1397 2282 1617 2320; x_wconf 83' lang='lat' dir='ltr'>Cimonem</span> <span class='ocrx_word' id='word_1_309' title='bbox 1640 2294 1691 2320; x_wconf 88' lang='lat' dir='ltr'>eo</span> 
     </span>
     <span class='ocr_line' id='line_1_37' title="bbox 225 2336 1693 2393; baseline -0.001 -18"><span class='ocrx_word' id='word_1_310' title='bbox 225 2339 402 2377; x_wconf 87' lang='lat' dir='ltr'>nomine</span> <span class='ocrx_word' id='word_1_311' title='bbox 434 2343 673 2385; x_wconf 78' lang='lat' dir='ltr'>exsulasse,</span> <span class='ocrx_word' id='word_1_312' title='bbox 707 2339 821 2393; x_wconf 85' lang='lat' dir='ltr'>quod</span> <span class='ocrx_word' id='word_1_313' title='bbox 854 2354 1039 2378; x_wconf 79' lang='lat' dir='ltr'>sororem</span> <span class='ocrx_word' id='word_1_314' title='bbox 1071 2339 1261 2378; x_wconf 78' lang='lat' dir='ltr'>duxisset</span> <span class='ocrx_word' id='word_1_315' title='bbox 1289 2351 1479 2376; x_wconf 81' lang='lat' dir='ltr'>uxorem.</span> <span class='ocrx_word' id='word_1_316' title='bbox 1540 2336 1621 2375; x_wconf 82' lang='lat' dir='ltr'>Sed</span> <span class='ocrx_word' id='word_1_317' title='bbox 1645 2337 1693 2375; x_wconf 89' lang='lat' dir='ltr'>in</span> 
     </span>
     <span class='ocr_line' id='line_1_38' title="bbox 228 2391 1694 2449; baseline 0 -19"><span class='ocrx_word' id='word_1_318' title='bbox 228 2395 413 2446; x_wconf 74' lang='lat' dir='ltr'>vulgatis</span> <span class='ocrx_word' id='word_1_319' title='bbox 437 2395 667 2434; x_wconf 74' lang='lat' dir='ltr'>Andocidis</span> <span class='ocrx_word' id='word_1_320' title='bbox 690 2395 911 2434; x_wconf 86' lang='lat' dir='ltr'>codicibus</span> <span class='ocrx_word' id='word_1_321' title='bbox 936 2410 1011 2447; x_wconf 89' lang='lat' dir='ltr'>pro</span> <span class='ocrx_word' id='word_1_322' title='bbox 1040 2395 1196 2435; x_wconf 72' lang='lat' dir='ltr'>Cimone</span> <span class='ocrx_word' id='word_1_323' title='bbox 1213 2395 1370 2449; x_wconf 79' lang='lat' dir='ltr'>legitur</span> <span class='ocrx_word' id='word_1_324' title='bbox 1395 2392 1542 2442; x_wconf 82' lang='lat' dir='ltr'>Conon,</span> <span class='ocrx_word' id='word_1_325' title='bbox 1577 2391 1694 2446; x_wconf 89' lang='lat' dir='ltr'>quod</span> 
     </span>
     <span class='ocr_line' id='line_1_39' title="bbox 226 2448 1696 2502; baseline 0 -14"><span class='ocrx_word' id='word_1_326' title='bbox 226 2463 267 2490; x_wconf 87' lang='lat' dir='ltr'>v.</span> <span class='ocrx_word' id='word_1_327' title='bbox 291 2452 340 2488; x_wconf 86' lang='lat' dir='ltr'>cl.</span> <span class='ocrx_word' id='word_1_328' title='bbox 370 2450 624 2490; x_wconf 82' lang='lat' dir='ltr'>emendavit.</span> <span class='ocrx_word' id='word_1_329' title='bbox 667 2453 835 2491; x_wconf 74' lang='lat' dir='ltr'><strong>SOLAN.</strong></span> <span class='ocrx_word' id='word_1_330' title='bbox 909 2452 1104 2491; x_wconf 87' lang='lat' dir='ltr'>Cimonis</span> <span class='ocrx_word' id='word_1_331' title='bbox 1134 2453 1372 2502; x_wconf 80' lang='lat' dir='ltr'>exemplum</span> <span class='ocrx_word' id='word_1_332' title='bbox 1408 2448 1534 2487; x_wconf 85' lang='lat' dir='ltr'>etiam</span> <span class='ocrx_word' id='word_1_333' title='bbox 1576 2449 1696 2489; x_wconf 77' lang='lat' dir='ltr'>Corn.</span> 
     </span>
     <span class='ocr_line' id='line_1_40' title="bbox 228 2504 1697 2557; baseline 0 -13"><span class='ocrx_word' id='word_1_334' title='bbox 228 2505 359 2557; x_wconf 79' lang='lat' dir='ltr'>‚Nepos</span> <span class='ocrx_word' id='word_1_335' title='bbox 380 2506 502 2546; x_wconf 81' lang='lat' dir='ltr'>affert</span> <span class='ocrx_word' id='word_1_336' title='bbox 524 2508 569 2545; x_wconf 87' lang='lat' dir='ltr'>in</span> <span class='ocrx_word' id='word_1_337' title='bbox 591 2508 697 2548; x_wconf 87' lang='lat' dir='ltr'>Cim.</span> <span class='ocrx_word' id='word_1_338' title='bbox 721 2523 753 2549; x_wconf 82' lang='lat' dir='ltr'>e.</span> <span class='ocrx_word' id='word_1_339' title='bbox 779 2514 814 2550; x_wconf 89' lang='lat'>1.</span> <span class='ocrx_word' id='word_1_340' title='bbox 837 2507 913 2546; x_wconf 87' lang='lat' dir='ltr'>ubi</span> <span class='ocrx_word' id='word_1_341' title='bbox 938 2507 1056 2546; x_wconf 85' lang='lat' dir='ltr'>addit</span> <span class='ocrx_word' id='word_1_342' title='bbox 1074 2507 1188 2547; x_wconf 81' lang='lat' dir='ltr'>licere</span> <span class='ocrx_word' id='word_1_343' title='bbox 1205 2504 1529 2554; x_wconf 74' lang='lat' dir='ltr'>Atheniensibus,</span> <span class='ocrx_word' id='word_1_344' title='bbox 1562 2504 1697 2544; x_wconf 76' lang='lat' dir='ltr'>eodem</span> 
     </span>
     <span class='ocr_line' id='line_1_41' title="bbox 223 2560 1697 2617; baseline 0.002 -20"><span class='ocrx_word' id='word_1_345' title='bbox 223 2571 339 2614; x_wconf 80' lang='lat' dir='ltr'>patre</span> <span class='ocrx_word' id='word_1_346' title='bbox 370 2574 486 2601; x_wconf 79' lang='lat' dir='ltr'>natas</span> <span class='ocrx_word' id='word_1_347' title='bbox 512 2579 657 2604; x_wconf 71' lang='lat' dir='ltr'>uxores</span> <span class='ocrx_word' id='word_1_348' title='bbox 681 2564 842 2615; x_wconf 78' lang='lat' dir='ltr'>clucere‚·</span> <span class='ocrx_word' id='word_1_349' title='bbox 881 2563 932 2603; x_wconf 87' lang='lat' dir='ltr'>de</span> <span class='ocrx_word' id='word_1_350' title='bbox 959 2578 1045 2617; x_wconf 90' lang='lat' dir='ltr'>quo</span> <span class='ocrx_word' id='word_1_351' title='bbox 1076 2562 1404 2601; x_wconf 87' lang='lat' dir='ltr'>Atheniensium</span> <span class='ocrx_word' id='word_1_352' title='bbox 1438 2575 1554 2600; x_wconf 86' lang='lat' dir='ltr'>more</span> <span class='ocrx_word' id='word_1_353' title='bbox 1582 2560 1697 2600; x_wconf 85' lang='lat' dir='ltr'>idem</span> 
     </span>
     <span class='ocr_line' id='line_1_42' title="bbox 230 2617 1492 2673; baseline 0 -19"><span class='ocrx_word' id='word_1_354' title='bbox 230 2617 415 2669; x_wconf 85' lang='lat' dir='ltr'>scriptor</span> <span class='ocrx_word' id='word_1_355' title='bbox 436 2621 517 2670; x_wconf 86' lang='lat' dir='ltr'>jam</span> <span class='ocrx_word' id='word_1_356' title='bbox 542 2619 587 2657; x_wconf 87' lang='lat' dir='ltr'>in</span> <span class='ocrx_word' id='word_1_357' title='bbox 608 2621 791 2660; x_wconf 76' lang='lat' dir='ltr'>Praefat.</span> <span class='ocrx_word' id='word_1_358' title='bbox 821 2620 855 2673; x_wconf 57' lang='grc' dir='ltr'>ς’.</span> <span class='ocrx_word' id='word_1_359' title='bbox 876 2624 916 2663; x_wconf 86' lang='grc'>4.</span> <span class='ocrx_word' id='word_1_360' title='bbox 938 2622 1106 2658; x_wconf 82' lang='lat' dir='ltr'>locutus</span> <span class='ocrx_word' id='word_1_361' title='bbox 1131 2619 1281 2657; x_wconf 85' lang='lat' dir='ltr'>fuerat.</span> <span class='ocrx_word' id='word_1_362' title='bbox 1332 2617 1492 2655; x_wconf 60' lang='lat' dir='ltr'>Luam.</span> 
     </span>
    </p>
   </div>
   <div class='ocr_carea' id='block_1_6' title="bbox 231 2682 1695 2783">
    <p class='ocr_par' dir='ltr' id='par_1_8' title="bbox 231 2682 1695 2783">
     <span class='ocr_line' id='line_1_43' title="bbox 342 2682 1695 2741; baseline 0.001 -20"><span class='ocrx_word' id='word_1_363' title='bbox 342 2684 447 2724; x_wconf 69' lang='lat' dir='ltr'>Ibid.</span> <span class='ocrx_word' id='word_1_364' title='bbox 481 2691 654 2741; x_wconf 78' lang='grc' dir='ltr'><em>Περσῶν</em></span> <span class='ocrx_word' id='word_1_365' title='bbox 683 2685 866 2741; x_wconf 85' lang='grc' dir='ltr'><em>νόμους)</em></span> <span class='ocrx_word' id='word_1_366' title='bbox 896 2687 1038 2726; x_wconf 84' lang='lat' dir='ltr'>Etiam</span> <span class='ocrx_word' id='word_1_367' title='bbox 1064 2700 1158 2725; x_wconf 87' lang='lat' dir='ltr'>cum</span> <span class='ocrx_word' id='word_1_368' title='bbox 1189 2683 1423 2724; x_wconf 83' lang='lat' dir='ltr'>matribus:</span> <span class='ocrx_word' id='word_1_369' title='bbox 1459 2682 1603 2725; x_wconf 76' lang='lat' dir='ltr'>Catull.</span> <span class='ocrx_word' id='word_1_370' title='bbox 1629 2683 1695 2725; x_wconf 86' lang='lat' dir='ltr'>M.</span> 
     </span>
     <span class='ocr_line' id='line_1_44' title="bbox 231 2740 579 2783; baseline 0.009 -4"><span class='ocrx_word' id='word_1_371' title='bbox 231 2740 360 2781; x_wconf 66' lang='lat' dir='ltr'>Fclz&#39;oe.</span> <span class='ocrx_word' id='word_1_372' title='bbox 402 2743 579 2783; x_wconf 53' lang='lat' dir='ltr'>Bomio.</span> 
     </span>
    </p>
   </div>
  </div>
 </body>
</html>
