1781 3174
418 195 472 227 m
507 193 572 226 DE
607 193 837 225 MERCEDE
873 193 1154 224 contineris,
1410 184 1506 232 6515

168 293 312 337 Εαᾶ.1.
333 299 374 338 7.
408 295 570 342 Σαίνεις
598 316 652 324 —
681 291 754 346 τὴν
781 290 1019 346 ὖπὸσχεσιν)
1049 293 1214 335 Σαίνειν
1243 295 1412 348 proprie
1442 312 1507 334 ca-

55 366 156 390 num
181 367 268 390 esse
293 350 463 390 caudam
486 350 761 404 agitantium,
795 361 836 389 et
862 350 931 388 hic
955 349 1003 387 ad
1031 349 1222 389 homines
1242 355 1504 403 translatum,

55 408 228 447 blandiri
254 407 515 461 significare,
549 418 659 446 recte
691 406 858 461 quidem
893 405 1047 452 tradit,
1080 418 1120 444 et
1141 408 1348 459 exemplis
1371 408 1508 448 firmat

52 464 203 504 Elsner.
227 464 278 502 ad
298 465 332 503 Ι.
359 463 501 502 Thess.
524 470 572 513 3,
599 470 638 508 3.
659 466 807 515 μηδένα
838 466 1045 504 σαίνεσθαι
1064 473 1140 504 etc.
1201 463 1378 514 Verum,
1412 480 1507 503 cum

55 529 97 558 et
118 519 220 559 haec
240 521 413 559 Luciam
434 520 559 559 verba
585 520 741 560 ibidem
772 519 933 558 adferat
963 522 1110 567 σαίνεις
1142 537 1197 560 υ]
1184 516 1376 572 όσχεσιν,
1409 536 1509 561 ver-

53 576 449 643 tatque‚bl‹1nrli1is
477 576 600 629 largis
626 579 851 630 promissis,
886 575 1055 614 videtur
1090 590 1162 627 per
1186 577 1508 617 festinationem

47 629 302 685 ’ὑποσχέσεσιν
320 633 487 685 legisse,
515 647 589 684 pro
610 632 838 686 ὑπόσχεσιν·
871 646 991 695 quam
1012 643 1150 669 tamen
1173 633 1398 672 lectionem
1419 649 1506 672 non

49 689 279 740 rejicerem,
303 690 338 726 si
367 690 461 741 quis
484 689 590 728 Cod.
618 694 683 730 vel
703 690 802 728 edit.
826 689 1000 741 antiqua
1021 688 1246 728 addim-‚et
1290 689 1381 729 Jam
1404 704 1506 729 vero

49 744 150 786 κατὰ
177 748 240 783 vel
261 744 326 785 δια
349 745 516 784 videtur
536 746 885 800 intelligendum,
917 754 963 782 ut
985 744 1286 794 sit,l›la11di1·is
1307 746 1377 784 tibi
1391 763 1508 801 prop-

50 812 107 840 ier
121 801 458 854 pollicitationem.
515 803 551 840 ἲ
556 806 594 841 el
621 818 714 841 cum
738 806 789 843 cl.
815 801 926 840 Gesn.
951 800 1002 838 ad
1034 804 1207 853 νομίζεις
1229 802 1508 846 referendum,

50 859 216 898 RmTz.
279 858 405 897 Varie
438 859 649 910 explicata
679 869 719 897 et
746 868 904 898 tentata
939 856 1064 896 verba
1093 872 1207 896 nunc
1243 861 1385 910 paullo
1408 858 1510 898 ube-

50 915 138 953 rius
171 917 399 967 explanare
427 915 586 957 licebit.
646 916 696 954 In
735 914 952 963 omnibus,
987 923 1199 967 quotquot
1230 914 1374 952 collati
1398 924 1510 962 sunt,

50 969 174 1009 libris
202 980 290 1008 tum
315 969 442 1008 editis
473 981 561 1009 tum
592 971 914 1023 manuscriptis,
947 971 1136 1022 exceptis
1169 969 1294 1008 modo
1328 971 1404 1020 iis,
1439 972 1518 1025 qui.

50 1036 197 1080 postea
235 1027 698 1090 commemorabuntur,
731 1029 909 1081 legitur:
945 1029 1092 1074 σαίνεις
1118 1027 1157 1066 δὲ
1185 1024 1290 1077 ὅιιως
1308 1027 1381 1076 τήν
1401 1027 1514 1068 ὑπό

51 1097 115 1137 σχε
119 1098 202 1133 σιν,
236 1093 276 1122 et
299 1084 358 1120 ita
385 1084 581 1135 quidem,
616 1095 662 1121 ut
684 1094 781 1137 post
801 1082 1050 1136 ὗπόσχεσιν
1042 1098 1085 1119 m
1107 1082 1216 1122 Edd.
1237 1086 1379 1121 saltem
1406 1094 1509 1123 vett.

50 1143 174 1192 plene
214 1141 556 1207 interpungatur.
631 1141 722 1181 Jam
754 1139 835 1178 hoc
869 1140 1040 1192 quidem
1075 1139 1199 1177 facile
1236 1140 1508 1193 intelligitur,

48 1196 123 1247 τὴν
149 1194 365 1248 ὑπόσχεσιν
391 1211 484 1234 cum
517 1196 865 1235 antecedentibus
893 1210 982 1234 esse
1004 1195 1279 1246 nectendum,
1313 1210 1388 1234 nec
1418 1211 1512 1233 cum

54 1252 219 1292 Gesner-0
244 1251 295 1290 ad
317 1253 540 1306 sequentia
572 1253 719 1291 referri
746 1267 883 1305 posse.
943 1252 1050 1290 Nam
1074 1253 1153 1289 etsi
1185 1252 1514 1290 inconcinnita-

51 1318 136 1348 tem
159 1309 366 1347 orationis
388 1308 440 1346 ad
464 1308 621 1347 Gesner-i
638 1309 843 1351 rationem
868 1308 1116 1360 dispositae,
1150 1308 1374 1346 admodum
1401 1308 1514 1346 illam

51 1365 282 1419 ingratam,
316 1366 528 1416 patienter
561 1366 766 1414 feramus,
802 1375 912 1403 certe
944 1366 1118 1415 copula,
1154 1379 1261 1416 quae
1291 1373 1512 1416 utramque

52 1422 392 1459 enuntiationem
424 1431 633 1469 necteret,
668 1431 765 1473 post
795 1419 900 1473 ὅμως
927 1419 1156 1459 desiderari
1182 1420 1356 1458 minime
1385 1420 1514 1458 debe-

49 1476 132 1518 bat,
196 1475 313 1530 Quid
340 1486 478 1516 autem
503 1491 614 1515 nuuc
639 1487 700 1516 est
720 1481 866 1525 σαίνεις
885 1475 958 1528 τὴν
980 1475 1215 1527 ὕπόσχεσινς
1266 1477 1389 1515 Hanc
1414 1491 1514 1514 con-

50 1534 327 1571 structionem
354 1533 456 1571 bene
481 1533 681 1572 Graecam
705 1548 793 1573 esse
815 1547 971 1587 negans
994 1532 1154 1571 Bolanus
1175 1547 1323 1586 magna
1345 1547 1436 1570 cum
1457 1533 1515 1570 li-

51 1588 274 1628 beralitate
297 1590 455 1627 auxilia
490 1604 561 1627 sua
588 1589 802 1628 laboranti
834 1589 997 1628 scilicet
1017 1594 1112 1626 loco
1139 1589 1275 1627 oll'ert.
1338 1589 1512 1638 Suadet,

54 1656 126 1685 aut
153 1648 276 1693 αἰνεῖς
306 1648 346 1687 δὲ
377 1644 482 1697 ὅμως
510 1664 542 1686 τ.
570 1643 638 1686 tin.
659 1649 845 1699 legatur,
879 1656 951 1683 aut
983 1645 1220 1696 corrigatur
1248 1647 1373 1685 σαίνει
1402 1646 1442 1685 ὁέ
1471 1659 1515 1686 σε

52 1699 160 1755 ὅμως
180 1720 212 1743 τ.
231 1699 322 1748 tim,
357 1713 427 1739 aut
449 1702 648 1755 denique,
681 1702 900 1741 exhaustis
928 1702 1035 1739 forte
1057 1702 1143 1738 suis
1165 1701 1316 1753 copiis,
1352 1716 1427 1740 nec
1454 1716 1516 1740 re-

51 1760 232 1812 probare
254 1772 297 1796 se
319 1756 423 1795 dicit
445 1758 658 1812 antiquam
683 1758 780 1798 Coll.
804 1759 1029 1796 lectionem
1054 1758 1227 1804 ἐπαινεῖς
1252 1760 1292 1798 δὲ
1317 1755 1425 1809 ὅμως
1445 1757 1516 1806 τας

51 1813 298 1867 ὑποσχέσεις.
372 1815 525 1853 Verum
568 1815 807 1852 Belinianis
840 1812 1006 1868 quidem
1041 1814 1212 1851 auxiliis
1243 1815 1335 1851 istis
1374 1818 1515 1852 nullus

56 1873 233 1911 omnino
264 1870 333 1908 hic
362 1873 480 1908 locus
504 1885 592 1910 esse
612 1880 776 1923 potest:
811 1874 934 1917 ctvfig·
965 1870 1096 1918 enim,
1129 1872 1192 1907 uti
1219 1873 1300 1922 jam
1323 1871 1518 1923 Biponn'-

54 1945 126 1967 nus
148 1927 287 1966 editor
306 1926 605 1965 animadvertit
637 1929 786 1978 (Qrom
808 1928 860 1966 X.
883 1932 965 1979 Ρ.2
971 1932 1035 1968 21
1052 1930 1092 1976 ),
1127 1927 1256 1979 magis
1282 1937 1343 1965 est
1366 1928 1517 1979 poeti—

54 1999 148 2023 cum
181 1982 458 2033 vocabulum,
491 1998 613 2036 quam
651 1983 764 2036 quod
787 1983 886 2021 huic
918 1983 1095 2020 maxime
1119 1983 1305 2034 pedestri
1329 1983 1527 2021 orationi'

55 2040 301 2080 conveniat.
366 2039 492 2105 Quod
521 2050 657 2078 autem
693 2040 877 2078 secundo
899 2042 996 2077 loco
1023 2038 1360 2087 commendatur,
1395 2043 1520 2080 σαίνει

56 2098 98 2139 δέ
120 2111 161 2137 σε
180 2095 288 2149 ὅμως
308 2094 380 2147 τήν
398 2092 467 2136 ὖπ.
481 2125 491 2143 ,
525 2096 652 2134 vertit
675 2110 720 2134 ea
740 2096 924 2135 belinus.-
956 2095 987 2134 il
1008 2111 1029 2133 z
1034 2098 1238 2150 omflanc,
1269 2111 1346 2148 ραι·
1363 2112 1407 2134 sa
1425 2112 1518 2149 pro-

55 2170 186 2192 messe.
247 2154 303 2190 At
320 2167 432 2221 quae
464 2152 629 2191 tandem
657 2152 734 2190 ista
761 2153 846 2190 loci
871 2162 1094 2189 structuia.
1159 2151 1342 2190 Attende
1366 2152 1516 2190 modo:

53 2206 106 2250 Ο
129 2210 197 2261 μὲν
219 2205 330 2250 ταῦτ’
354 2207 496 2258 elnon»,
528 2232 583 2239 —
613 2211 826 2260 πεποίηκε’
859 2223 905 2248 συ
926 2210 966 2248 ὸὲ
998 2231 1050 2236 —
1082 2211 1221 2272 συνίης
1243 2208 1311 2258 μὲν
1339 2231 1397 2237 —-
1427 2211 1519 2248 σαί-

54 2283 115 2308 νει
141 2267 181 2307 δὲ
205 2265 404 2328 (eandem
430 2265 652 2303 secundam
677 2279 918 2327 personam,
951 2278 1058 2328 quae
1081 2266 1123 2301 in
1149 2267 1288 2315 συιίης
1314 2265 1443 2311 inest,
1477 2273 1520 2303 et

54 2322 127 2360 hic
150 2336 356 2361 necessar-
363 2336 384 2359 ο
408 2322 562 2375 requiri
580 2351 590 2369 ,
627 2335 710 2359 nou
736 2322 867 2358 sensit
891 2321 923 2357 (2
929 2322 1040 2358 ritici
1065 2324 1130 2359 vel
1157 2331 1328 2371 stupor,
1363 2323 1427 2358 vel
1450 2323 1520 2360 le«

56 2378 196 2433 vitas)
229 2401 284 2408 ——
313 2381 380 2418 καὶ
406 2376 448 2420 τὸ
483 2401 531 2407 -
565 2381 739 2428 νοιιίζεις
766 2388 842 2415 etc.
915 2378 970 2414 ht
998 2379 1156 2430 qualis,
1191 2377 1390 2424 obsecr,o
1425 2377 1515 2427 ipsa

57 2435 288 2474 sententia!
350 2437 418 2472 De
455 2433 724 2487 philosophi,
759 2448 840 2471 uon
875 2432 924 2471 de
962 2432 1150 2481 domini,
1184 2432 1440 2485 indignitate
1477 2443 1518 2470 et

56 2489 300 2528 humilitate
325 2505 468 2529 sensus
492 2491 651 2543 agitur]
687 2504 822 2542 neque
843 2489 962 2536 adeo,
980 2490 1059 2525 nisi
1083 2465 1305 2526 adinodum
1329 2489 1514 2537 sinistre,

58 2559 111 2584 ne
133 2544 266 2583 dicam
291 2546 480 2596 absurde,
513 2547 554 2587 τὸ
583 2551 730 2586 σαίνειν
752 2546 884 2582 tribui
910 2555 1047 2596 potsst
1069 2545 1128 2592 ei,
1163 2545 1232 2585 ‹ui
1257 2559 1335 2582 n101
1342 2546 1381 2581 lo
1406 2545 1516 2583 dice.-

60 2599 183 2638 batur
209 2605 379 2641 alterurn
411 2601 605 2643 naasson
634 2604 759 2642 ἔαυτῶ
791 2619 833 2642 πε
839 2619 902 2641 πο
896 2618 976 2651 ηκε
984 2619 1067 2649 ιαι,
1105 2616 1187 2638 ιιοιι
1217 2602 1304 2651 ipse
1328 2599 1517 2647 τιθασσος

57 2659 329 2724 γεγενημέιος.
388 2659 535 2698 Restat
558 2659 680 2697 tertia
705 2650 834 2704 ratio,
870 2673 936 2711 ψ·-
929 2673 947 2693 ι
985 2657 1133 2708 przolves
1157 2658 1383 2695 lectionem
1413 2656 1512 2696 Coll.

59 2715 230 2761 ἐπαινεῖς
249 2711 319 2756 62-
308 2711 414 2767 ὅμως
436 2732 506 2764 τας
525 2712 765 2767 ὑποσχέσεις.
825 2713 1061 2752 Probarunt
1084 2723 1222 2752 autem
1252 2725 1363 2762 eam,
1397 2727 1513 2766 prae-
