1781 3174
259 171 357 220 636
611 178 1369 212 ADNOTATIONES

368 279 472 321 Ibid.
521 282 618 322 Τοῦ
655 274 810 319 αλλου
852 273 1107 330 πλήθους]
1156 277 1349 319 Indicem
1391 278 1518 334 hujus
1550 285 1717 336 generis

254 339 571 385 Graeculorum,
607 335 680 388 qui
705 334 898 373 Romae·
887 349 931 371 in
954 332 1136 373 divitum
1160 335 1335 374 aedibus
1355 336 1587 389 alebantur,
1619 354 1718 392 sup..

251 394 438 448 peditat,
483 407 606 448 quem
645 389 888 430 Wielandius
918 391 965 429 in
1000 389 1117 431 hunc
1147 390 1273 432 finem
1301 392 1474 445 laudat,
1515 394 1717 436 Iuvenalis

249 453 337 492 Sat.
358 451 442 490 ΙΙΙ.

469 505 554 546 Hic
573 507 657 543 alta
676 503 886 555 Sicyone,
920 512 963 542 at
982 503 1055 542 hic
1075 503 1298 557 Amydone
1318 504 1492 556 relicta,

250 577 331 607 etc.
369 564 439 604 Ibi
471 576 548 602 nec
574 561 794 616 γυμνασταὶ
822 560 959 598 nostri
991 561 1154 609 omissi,
1189 575 1296 614 quos
1314 562 1442 601 nimis
1462 561 1547 602 sibi
1566 563 1714 604 indula

278 638 351 663 ens
373 619 614 660 Jacobsius
603 632 646 656 ln
667 615 894 685 γελοιαστάς
911 617 1066 655 mutari
1087 591 1229 657 vellet.
1263 619 1419 661 anvr

362 678 462 730 Pag.
484 679 579 720 234.
602 678 627 713 1.
649 681 687 716 4
724 671 799 726 Μὴ
823 670 1005 714 &nolam
1033 677 1112 714 τῶν
1140 674 1421 730 μισθοδοτῶν)
1453 677 1522 715 Sic
1545 677 1620 717 W.
1650 678 1707 719 L

247 745 288 774 et
307 735 358 776 V.
389 734 438 773 ln
462 731 640 784 reliquis
662 739 800 768 autem
819 734 1045 783 μισθωτων,
1063 729 1178 784 quod
1202 731 1303 769 ferri
1327 745 1593 786 nequaquam
1613 745 1710 787 pot-

245 801 343 832 erat.
404 790 452 831 Si
480 789 591 828 enim
619 784 863 841 μισθοδότης
890 786 1066 836 locator,
1107 785 1311 840 μισθωτὸς
1343 793 1600 830 mercenarius
1628 800 1705 831 est.

243 848 458 942 SOLAgad·
485 903 513 940 1.
537 906 602 944 10.
638 898 767 941 Οὐδὲν
787 900 860 941 οὖν
881 897 950 941 οῧτ
956 875 1106 942 ’Ὶαῦτοὶ
1132 923 1190 930 -—
1220 896 1310 942 οὔτ’
1337 902 1507 954 ἐκεῖνοι)
1537 902 1704 956 Tripli-

243 975 331 999 cem
351 959 621 1013 negationem
643 957 851 995 intensius
874 970 1026 1010 negare
1049 956 1243 995 observat
1262 958 1503 997 Meibomius
1523 957 1572 997 ad
1596 959 1704 999 Jus-

240 1020 320 1069 jur.
348 1017 736 1068 Hippocr.p.119.
767 1028 820 1052 ex
851 1014 943 1065 ipso
979 1013 1255 1080 jurejutando
1286 1014 1702 1068 Hippocratico·013

240 1072 355 1114 δώσω
376 1073 416 1113 δὲ
437 1071 532 1113 οὐδὲ
551 1069 766 1123 φάρμακον
793 1066 1183 1121 ουδενὶθανάσιμον.
1247 1071 1313 1108 Ex
1332 1071 1479 1110 eodem
1501 1070 1551 1111 de
1572 1073 1697 1112 Arte.

236 1127 280 1169 'E
283 1128 337 1182 γώ
367 1129 408 1170 ὸὲ
437 1146 512 1170 ουκ
543 1126 767 1180 ἆποστερέω
799 1126 868 1177 μὲν
895 1123 986 1167 οὐδ’
1008 1122 1130 1174 αὐτὸς
1148 1124 1222 1177 τήν
1238 1125 1362 1179 τύχην
1381 1129 1499 1182 ἔργου
1519 1125 1696 1176 οὐδενός.

236 1187 362 1224 Plura
397 1200 448 1224 ex
472 1184 641 1253 Ρζαίοησ
660 1199 706 1222 ac
738 1183 992 1222 Demosilzene
1016 1182 1102 1222 vid.
1132 1182 1233 1224 ibid.
1265 1185 1408 1223 Noster
1435 1184 1624 1237 Philops.
1657 1199 1693 1223 c.

235 1245 311 1283 ult.
333 1237 423 1284 0236ss
413 1259 450 1282 ν
480 1258 529 1282 ου
552 1259 604 1293 μη
630 1238 798 1294 ταράξῃ·
830 1249 873 1279 et
898 1239 990 1279 adv.
1021 1238 1191 1279 Indoct.
1218 1254 1309 1292 cap.
1332 1246 1399 1283 27.
1422 1241 1454 1279 f.
1471 1243 1623 1309 μηκέτι
1643 1239 1695 1294 μὴ

232 1298 477 1351 τολμήσεις
461 1303 618 1339 τοιοῦτο
643 1298 779 1350 μηδέν.
839 1295 959 1335 Adde
980 1296 1187 1336 ΑΓ-ἱςΐουῆ·
1209 1297 1318 1335 Plut·
1339 1301 1437 1340 522
1471 1292 1574 1339 Ἀλλ’
1599 1295 1691 1340 οὐδ’

231 1356 340 1396 ἔσται
363 1359 521 1408 πρώην
551 1351 738 1394 ἁπάντων
776 1350 911 1400 ουδεὶς
949 1348 1042 1393 mid
1075 1348 1412 1404 ανὸραποδιστής.
1470 1354 1534 1394 Ad
1568 1368 1692 1408 quem

229 1426 395 1451 versum
418 1411 563 1463 Spanlz.
592 1410 674 1448 duo
696 1409 852 1447 similia
875 1423 927 1447 ex
945 1406 1076 1460 ejusd.
1098 1409 1296 1447 Nubibus
1315 1409 1465 1451 adfert.
1525 1410 1608 1451 Sed
1630 1425 1692 1450 sa·

229 1468 286 1506 tis
316 1469 515 1539 frequens
546 1475 608 1505 est
637 1465 749 1517 apud
785 1478 1077 1532 quoscunque
1147 1464 1221 1504 Sic
1255 1464 1402 1505 eodem
1432 1467 1560 1505 Pluto
1592 1470 1688 1511 511.

233 1523 339 1565 Οὗὸὲ
365 1542 402 1565 τε
396 1527 450 1576 ’χν
454 1541 504 1575 ην
532 1546 589 1553 —-
618 1520 706 1563 οὔτε
733 1524 884 1573 σοφίαν
928 1518 1098 1576 μελετώη
1129 1518 1273 1569 ουόείς.
1334 1521 1416 1562 Sed
1446 1521 1519 1560 ubi
1546 1524 1686 1564 oratio

227 1590 290 1619 est
311 1579 565 1629 bimembris,
597 1578 674 1617 vix
695 1587 834 1630 potest
853 1577 938 1615 dici
961 1577 1131 1630 negatio
1152 1578 1328 1629 triplex.
1361 1587 1404 1616 at
1422 1577 1467 1616 in
1487 1578 1562 1618 illo
1576 1580 1687 1635 Hip-

224 1637 413 1689 pocratis
435 1635 590 1674 rectius
611 1635 769 1687 triplex
794 1633 937 1672 vocari
958 1642 1109 1685 potest
1141 1633 1306 1672 Rmrz.

336 1692 438 1732 E.acl
460 1695 575 1734 1.11.
603 1689 678 1739 Ἐς
695 1688 767 1742 τὴν
787 1688 906 1742 αμίδα
929 1691 1210 1742 ἐνουροῦντες)
1240 1690 1302 1727 Ea
1324 1704 1367 1729 re
1389 1689 1441 1728 ad
1459 1691 1574 1746 quod
1595 1692 1683 1732 fac-

220 1758 266 1788 to
293 1759 354 1787 est
375 1763 508 1801 opus,
541 1757 722 1786 utentes.
784 1748 860 1784 Est
883 1755 1022 1784 autem
1045 1744 1254 1798 adagium.
1285 1746 1426 1788 BROD.
1486 1748 1610 1789 Prov.
1633 1750 1681 1788 in

217 1806 402 1844 fastosos
426 1804 595 1843 divites.
652 1803 763 1841 Dixi
785 1802 835 1842 ad
858 1803 1011 1842 Patr-on
1040 1803 1218 1840 Βουτώ.

329 1862 433 1901 Easl,
457 1865 483 1902 1,
509 1866 574 1903 12,
611 1865 690 1902 Ha
703 1878 723 1911 ρ
739 1860 788 1913 έρ
804 1875 952 1912 χοντα
968 1859 1007 1910 ι]
1040 1859 1194 1897 Manet
1213 1858 1377 1897 Belinus
1406 1849 1681 1914 παρειςὲρχον-

213 1935 278 1960 ται
300 1928 445 1956 contra
474 1918 660 1956 omnium
687 1915 891 1955 librorum
924 1929 1189 1953 consensum.
1251 1916 1342 1955 Nec
1363 1914 1501 1955 defuit
1522 1927 1676 1970 tamen,

213 1976 289 2026 qui
311 1974 412 2012 huic
432 1974 653 2013 temerario
678 1982 915 2012 commento
934 1971 1284 2024 patrocinaretur.
1342 1973 1524 2026 Largam
1545 1974 1677 2014 Jaco-

213 2032 388 2069 bustum
411 2031 455 2068 in
483 2031 652 2083 publice
683 2028 811 2068 editis
849 2027 1062 2080 Symbolis
1093 2027 1204 2078 suis,
1239 2038 1328 2067 tum
1356 2028 1400 2066 in
1427 2030 1563 2068 literis
1594 2045 1674 2068 nu-

207 2089 392 2139 perrirne
416 2086 466 2124 ad
497 2101 561 2125 me
583 2085 713 2134 datis,
748 2083 975 2138 profundit
1008 2083 1268 2135 doctrinam,
1303 2099 1388 2138 quo
1416 2087 1673 2140 παρειςέρχε-

210 2147 351 2186 σθαι’
334 2161 374 2191 ες
400 2161 469 2191 τας
490 2145 619 2191 οἰκίας
651 2150 794 2194 pateat
826 2156 919 2179 cum
949 2140 1124 2179 Luciani
1154 2144 1267 2193 stylo
1295 2142 1547 2190 convenire,
1592 2143 1668 2196 qui

207 2210 317 2239 amet
338 2201 503 2239 scilicet
528 2213 613 2237 non
637 2202 773 2237 solum
800 2197 940 2237 verbis
976 2197 1288 2262 decompositis-
1307 2197 1394 2247 uti,
1438 2197 1510 2237 sed
1539 2200 1666 2239 etiam

205 2266 394 2309 repetere
429 2255 816 2308 Praepositionem,
867 2267 974 2306 quae
1004 2255 1086 2304 jam
1118 2253 1245 2292 verbo
1276 2253 1381 2292 insit
1411 2255 1664 2307 composito.

204 2313 321 2352 Bene
355 2312 538 2366 quidem.
599 2310 681 2351 Sed
710 2324 911 2364 quorsum
938 2309 1065 2355 haec,
1111 2309 1301 2362 quaeso?
1333 2310 1504 2363 Ergone
1533 2310 1662 2349 etiarn

203 2369 417 2421 παρελθών
439 2371 528 2409 εἴσω
540 2368 660 2422 Nigr.
683 2382 717 2406 c·
738 2372 776 2409 2
768 2396 793 2415 ,
828 2368 866 2414 ἐς
881 2363 1107 2418 Λεβάδειαν
1127 2371 1342 2419 παρελθεῖν
1358 2367 1658 2408 Dia11.Mortt.

202 2426 284 2475 Ill,
306 2432 360 2475 2.,
393 2427 432 2474 ἐς
448 2423 491 2465 τὸ
511 2427 605 2466 εἴσω
624 2429 697 2464 τοῦ
718 2425 883 2476 στομίου
902 2421 1174 2475 παρελθόντες
1191 2421 1293 2491 ibi-d
1315 2422 1440 2473 XIII,
1464 2428 1503 2467 3
1514 2455 1526 2473 ,
1558 2439 1659 2477 παρ-

202 2482 389 2529 ελθόντες
415 2484 453 2529 ἒς
473 2498 541 2522 τον
569 2498 611 2522 νε
615 2480 670 2522 ὠν
692 2481 883 2518 Hermot·
917 2493 950 2520 c.
973 2483 1040 2523 38-
1088 2480 1128 2520 οἱ
1154 2480 1193 2526 ἐς
1215 2496 1260 2519 τα
1281 2477 1419 2530 πληθη
1445 2479 1659 2533 παριόντες

199 2538 337 2580 Prom,
364 2539 409 2576 in
431 2538 558 2577 Verb.
581 2551 615 2576 c.
642 2543 679 2580 2.
712 2535 914 2574 haeccine
937 2549 1036 2589 ergo
1074 2534 1216 2573 omnia
1247 2534 1461 2574 credamus
1491 2546 1656 2574 mutan-

201 2593 251 2631 da
275 2609 384 2643 esse,
416 2603 466 2632 ut
490 2603 656 2633 constet
677 2590 802 2630 modo
823 2594 990 2646 regula.
1023 2605 1148 2644 quam
1171 2604 1248 2629 nec
1273 2592 1365 2643 ipse
1388 2592 1470 2630 sibi
1497 2592 1658 2632 Lucia-

200 2667 271 2690 ηας
299 2650 706 2704 p1·aescripsir,nec
736 2647 862 2687 etiam
887 2646 1168 2700 praescribere
1196 2647 1373 2700 potuit?
1404 2649 1548 2688 Facile
1573 2648 1654 2687 ad·

200 2706 402 2758 sentiret,
432 2705 469 2745 si
489 2705 614 2746 modo
638 2718 748 2744 unus
769 2703 878 2744 liber
901 2703 1060 2758 probus
1090 2705 1145 2752 εἰς
1172 2702 1383 2744 excidisse
1412 2714 1652 2745 testaretur.
