1781 3174
397 235 454 263 m
531 227 810 261 VITARUM
880 229 1253 264 Auci-ionem.
1453 218 1553 265 509

202 330 389 386 Pag.96.
411 331 439 371 1
457 333 499 371 Ξ.
524 325 794 381 4’.ἱῦιρηωῖὶένι-α)
824 326 1016 366 Tmbant
1043 326 1116 367 hic
1139 326 1322 367 codices.
1370 328 1423 371 R
1443 330 1555 384 ἕψη-

88 393 245 431 θεῖσαν.
293 385 582 439 Ὲ1.ἕψηθέντι.
641 381 743 423 Vid.
772 383 939 436 Diogmen
962 385 1098 423 La'c'rmt
1118 399 1158 438 p.
1182 389 1279 428 222
1302 385 1351 423 Α.
1379 396 1422 425 et
1451 389 1555 427 Me·-

88 445 200 498 nagii
222 453 364 483 notam
385 457 425 496 p.
449 447 544 485 216.
563 439 638 495 qui
669 453 722 479 ex
750 438 931 492 origenis
957 440 1123 480 inedito
1154 442 1394 495 fragmento
1423 446 1554 482 lucu-

87 504 226 541 lenter
248 501 357 538 hanc
386 513 471 538 rem
493 498 704 543 illustrat;
737 495 824 534 nisi
843 495 959 549 quod
979 495 1030 536 de
1051 498 1259 551 sanguine
1278 497 1390 536 nihil
1409 498 1551 539 habet.

87 557 231 596 Miror
258 553 374 594 hunc
404 558 545 593 locum
577 552 740 607 fugisse
766 551 885 591 viros
915 551 1088 592 doctiss.
1138 554 1309 595 SoLAN.
1386 555 1554 595 Βρῖίηιις

86 612 252 651 tradit
241 627 286 650 1n
307 610 400 650 cod.
421 614 546 655 2954.
565 610 758 662 ἕψηθεῖσι
777 609 877 662 legi
938 610 1091 648 Verum
1114 624 1243 663 quum
1271 624 1323 649 ex
1343 610 1411 663 iis,
1443 626 1554 666 quae

86 667 227 714 addit,
247 677 393 721 pateat
410 682 504 707 eum
525 665 636 705 hanc
658 679 805 704 vocem
830 679 906 718 pio
924 666 1134 705 feminina
1156 666 1332 716 habere,
1355 678 1399 707 et
1420 683 1554 722 quum

83 724 219 764 codex
246 728 371 768 2954.
409 734 452 763 et
479 725 532 764 R.
564 723 803 786 (Regius)
811 720 924 760 unde
953 722 1125 761 Solanus
1155 724 1378 776 ἑψηθεῖσαν
1406 725 1551 775 refert,

84 795 196 820 unus
219 781 417 834 idemque
448 780 524 819 sit·
556 778 661 817 hino
690 777 878 831 conjicio
914 778 1080 831 optimo
1102 782 1219 831 jure,
1252 795 1433 820 eirorem
1468 781 1553 819 ad·-

83 837 256 877 missum
278 851 367 878 esse
400 837 445 875 in
464 836 551 875 Bel.
572 835 802 883 relatione,
836 834 1060 888 ipsumque
1081 835 1264 875 Belinum
1292 847 1365 876 aut
1384 838 1556 891 ἑψηθεῖ-

82 908 158 946 σῃ,
189 903 285 942 aut,
318 892 436 947 quod
465 892 657 939 solanus,
690 892 939 944 ἑψηθεῖσαν,
971 893 1173 932 voluisse.
1249 891 1417 947 Κύαμος
1443 909 1546 934 vero

85 951 137 989 ab
164 949 343 989 Ionibus
373 951 500 988 etiam
531 962 684 1003 genere
713 947 927 987 feminino
959 949 1178 1001 usurpari,
1219 964 1285 988 me
1311 951 1471 1003 pariter
1503 965 1554 990 ac

83 1005 282 1046 Reitzium
300 1005 430 1061 fugit.
472 1004 726 1057 Corruptam
744 1005 807 1043 Fl.
829 1004 1059 1043 lectionem
1077 1007 1274 1058 ἑψηθένῃ
1294 1008 1355 1057 δὲ
1386 1023 1439 1061 γυ
1459 1009 1553 1049 ἐπα..

84 1067 170 1118 φῇς
192 1062 265 1115 τὴν
286 1064 499 1115 σεληναίην
520 1075 607 1100 non
628 1059 808 1100 debebat
825 1060 1033 1100 Reitzius
1022 1071 1227 1116 mtegram
1251 1067 1476 1117 appellaie,
1509 1074 1554 1104 et

82 1119 166 1158 hoc
199 1120 374 1160 nomine
403 1119 607 1186 recipere.
666 1117 760 1156 Imo
793 1116 1000 1171 integram
1028 1129 1250 1158 servarunt
1279 1119 1400 1161 codd
1421 1127 1549 1164 3011.

83 1186 126 1215 et
146 1175 264 1217 Gorl.
288 1177 495 1228 ἑψηθέντα
519 1175 559 1215 δὲ
587 1191 640 1227 ην
662 1171 773 1230 ἀφῇς
795 1175 834 1222 ἒς
864 1173 939 1226 τήν
960 1179 1038 1215 σελ.
1071 1188 1196 1228 quam
1216 1185 1257 1215 et
1281 1177 1552 1216 Schmiederus

80 1243 193 1271 recte
224 1231 374 1273 edidit.
446 1231 541 1284 Neg
547 1234 653 1270 lecta
689 1232 802 1269 forte
833 1230 1106 1283 Praepositio
1143 1233 1184 1280 ἐς
1223 1246 1367 1271 omnes
1405 1235 1550 1272 turbas

83 1289 211 1338 istas,
257 1303 360 1342 quas
393 1288 436 1326 in
470 1287 593 1326 libris
624 1285 1003 1339 deprehendimus,
1048 1288 1281 1336 excitavit,
1314 1290 1551 1343 genuitque

82 1345 129 1381 in
151 1344 234 1385 hoc
253 1345 524 1384 Femininum
546 1345 794 1395 ἑψηθεῖσαν,
829 1341 945 1395 quod
971 1341 1023 1381 ad
1041 1343 1115 1395 τὴν
1136 1348 1352 1397 σεληναίην
1374 1361 1551 1410 respon·

83 1399 223 1452 deret,
257 1402 303 1439 in
335 1401 410 1439 illo
436 1400 646 1439 Dativum
676 1399 893 1451 εψηθέντι,
929 1398 1004 1452 qui
1038 1399 1192 1439 deinde
1219 1403 1378 1459 ἐπαφης
1403 1403 1550 1441 traxit.

80 1434 405 1510 Ineptissimum
437 1465 577 1495 autem
611 1455 652 1494 h.
674 1458 701 1498 l
721 1469 810 1494 esse
840 1456 1077 1508 ἐπαφιέναι,
1109 1457 1344 1511 intelliget,
1380 1460 1454 1512 qui
1483 1462 1552 1498 vel

82 1528 137 1553 ex
159 1513 352 1554 Zeuxide
375 1527 408 1552 c.
434 1518 472 1556 9.
498 1527 621 1550 usum
651 1521 695 1551 et
721 1522 916 1551 naturam
950 1511 1067 1550 verbi
1092 1515 1357 1567 cognoverit.
1420 1515 1552 1555 Cete-

79 1586 173 1611 rum
196 1572 435 1610 versionem
465 1568 622 1608 Gesnm·
649 1569 1029 1608 inconvenientem
1059 1583 1114 1609 ex
1132 1580 1272 1610 mente
1294 1570 1474 1611 Jacobsii
1497 1570 1552 1611 ad

80 1628 236 1669 Achill.
257 1629 347 1668 Tat
371 1641 410 1679 p.
436 1631 532 1670 661
558 1626 736 1664 conexi
782 1626 938 1664 ΙΕΗΠΜ

192 1683 296 1723 Εαιῖ.
318 1686 345 1721 1.
367 1690 406 1727 3.
439 1681 576 1734 Αἷμα)
609 1683 679 1721 De
703 1681 1083 1735 fabaPythagorae
1104 1694 1284 1736 cognata
1305 1687 1384 1737 jam
1410 1684 1551 1725 dicem

78 1755 168 1779 non
189 1750 251 1780 est
273 1740 463 1779 instituti
483 1739 632 1777 nostri.
695 1736 776 1777 Sed
802 1736 1113 1777 dubitationem
1136 1740 1322 1794 aliquam
1347 1752 1551 1790 nostram,

82 1797 307 1835 occasione
331 1795 518 1833 nominis
543 1792 640 1845 αἷμα
668 1793 740 1831 hic
762 1801 919 1844 ortam,
952 1808 1251 1846 proponemus.
1311 1797 1552 1852 Porphyrius

81 1853 132 1890 de
158 1853 246 1891 vita
279 1853 342 1903 Py
346 1851 458 1904 thag.
486 1849 559 1888 ubi
593 1849 705 1888 idem
736 1858 1029 1918 argumentum
1058 1861 1211 1891 tractat
1241 1867 1275 1891 c.
1303 1859 1369 1896 44.
1408 1858 1442 1895 εἰ
1470 1853 1550 1908 γάρ

79 1926 138 1957 τις
160 1905 390 1962 διατρώγων
416 1906 598 1959 κύαμον,
630 1907 696 1947 καὶ
723 1912 808 1953 τοῖς
835 1902 974 1947 οὸοῦσι
1006 1909 1167 1955 λεάνας,
1199 1909 1239 1950 ἐν
1268 1906 1360 1966 ἀλέᾳ
1385 1915 1456 1963 τῆς
1476 1915 1552 1952 τοῦ

78 1960 196 2018 ηλίου
222 1968 352 2029 βοῖῆς
372 1966 538 2004 >tamesi
527 1980 564 2030 f?
597 1959 700 2015 πρὸς
729 1958 885 2031 ολίγον,
920 1961 990 2004 εἶτ’
1022 1959 1201 2014 ἆποστας
1227 1967 1440 2008 ἐπανέλθοι
1460 1964 1550 2019 μετ’

85 2040 134 2063 ου
156 2019 281 2070 πολύ,
314 2018 428 2075 εὕροι
451 2037 501 2060 αν
520 2016 699 2060 οὸωδότα
721 2016 958 2067 ανθῡωπίνο
965 2036 988 2059 υ
1012 2017 1157 2071 φόνου
1219 2025 1382 2062 Auctor
1401 2023 1551 2062 Philo·

81 2076 380 2130 sophumenon
413 2076 615 2130 Origenis
639 2090 677 2128 p,
699 2080 766 2119 42.
801 2075 926 2132 JVqlf
962 2076 1067 2122 ista,
1101 2091 1208 2130 quae
1243 2080 1383 2119 obiter
1409 2094 1551 2119 emen-

81 2133 179 2173 dare
204 2143 243 2172 et
268 2132 539 2185 interpretari
560 2131 733 2183 licebit,
768 2146 860 2170 cum
882 2143 922 2172 et
944 2107 1150 2185 ΖΙῙειιιζιὲςίἰ,
1185 2136 1259 2188 qui
1284 2135 1478 2175 laudavit
1495 2135 1552 2175 ad.

79 2191 246 2243 Diogen.
268 2189 404 2228 Ian-‚t
428 2189 561 2237 VIII,
582 2193 650 2232 34.
676 2198 719 2227 et
744 2190 1003 2241 reliquorum
1031 2190 1246 2230 editorum
1273 2207 1449 2232 acumen
1472 2193 1552 2230 fu·-

82 2249 245 2315 getiut:
300 2244 452 2287 Τουτου
488 2242 530 2286 δὲ
558 2261 773 2298 τεκμηριοῖ)
817 2247 966 2297 φησὶν,
1012 2248 1128 2296 εἴτις
1163 2247 1552 2316 καταμασησᾶμενος

79 2309 184 2344 λεῖον
204 2300 274 2344 τὸν
302 2301 457 2353 κύαμον
475 2306 666 2354 καταθείη
692 2300 794 2355 πρὸς
813 2299 927 2353 η’λιον
940 2300 1088 2355 χρόνον
1116 2302 1218 2345 τινά.
1252 2310 1367 2347 τοῦτο
1386 2304 1460 2360 γὰο
1479 2322 1551 2347 ευ·-

79 2360 186 2407 θέως
206 2356 465 2410 ἆντιληψεται
482 2373 639 2412 ποοςφε
645 2362 717 2411 ρῆ·
751 2358 831 2411 (sic
852 2360 962 2413 lege.
988 2373 1070 2397 non
1093 2363 1310 2415 ποοςφέοει
1335 2373 1406 2400 aut
1429 2379 1550 2413 ποος-

82 2418 177 2468 φέρε
164 2414 244 2469 ιν)
275 2413 540 2467 ἆνθρωπίιου
570 2413 690 2468 γόνου
719 2409 860 2465 οὸιιήν.
923 2414 1056 2469 [ΙιιῘιιε
1088 2420 1142 2455 rei
1165 2417 1354 2458 indicium
1376 2435 1452 2458 esse
1476 2420 1547 2466 ait,

80 2474 115 2510 ςί
135 2475 220 2524 quis
240 2471 446 2523 levigatam
477 2470 699 2509 mandendo
717 2471 866 2525 jubam
889 2470 1103 2523 ἅσροςιιειίί
1121 2474 1369 2527 aliquamdiu
1397 2493 1436 2514 ιη
1455 2474 1548 2514 sole.

82 2528 175 2566 Ηοε
193 2530 292 2566 enim
323 2529 407 2579 (ita
432 2528 760 2576 manducatum)
797 2527 965 2566 celeriter
995 2529 1171 2568 adsumet
1204 2531 1366 2570 similem
1387 2533 1552 2571 humani

80 2585 235 2622 seminis
253 2584 419 2626 odorem.
480 2585 670 2636 Pugnare
694 2584 803 2621 intei
824 2598 867 2623 se
900 2583 1100 2624 videntur
1121 2586 1549 2640 Philosophumenon

82 2651 247 2691 auctor,
267 2650 309 2679 et
333 2640 610 2694 Poiphyrius.
671 2640 814 2679 Facile
838 2640 971 2678 fueiit
996 2642 1090 2680 illos
1112 2644 1358 2691 conciliare,
1377 2645 1411 2682 si
1435 2642 1549 2713 apud

81 2695 338 2750 Porph)1·ium
367 2700 501 2752 legas,
545 2698 664 2736 litera
698 2710 778 2733 una
813 2695 1055 2748 immutata,
1089 2697 1228 2753 γόνου
1300 2700 1380 2740 Sed
1416 2700 1549 2752 φόνου

82 2754 257 2792 suadere
289 2751 458 2793 videtur
486 2752 582 2807 αἷμα
612 2753 799 2792 Luciani
860 2753 1025 2792 Rursus
1054 2757 1187 2808 αἵματι
1214 2756 1297 2796 hoc
1329 2757 1550 2812 objicitur,
