1781 3174
340 170 392 200 JN
428 167 568 198 APOL.
607 167 704 198 Plio
741 168 896 198 μηδι]
933 167 983 196 m
1021 167 1330 198 SALUTANDO.
1473 158 1571 204 725

100 272 163 317 ni,
205 270 295 306 lat-o
331 266 408 305 illo
442 279 594 314 sensu,
628 264 955 305 consuluissent.
1018 261 1152 313 Vide,
1183 241 1219 302 s}
1248 264 1391 316 lubet,
1423 267 1567 307 Dena—

96 327 196 363 rium
224 324 529 378 Pythagoricum
548 323 733 362 Meursii
758 331 801 363 et
829 319 935 362 Cael.
962 317 1152 374 Calcagn.
1183 321 1236 362 V.
1268 321 1390 374 epist.
1413 328 1451 368 8.
1469 325 1563 366 AG,

93 380 325 431 IX‚1378
348 395 383 419 c.
403 379 478 419 VL
510 379 676 421 SOLAN,

205 447 304 501 Pag.
323 452 419 492 309.
440 449 467 486 l.
492 452 531 490 1.
550 444 739 515 Ὀρκον)
765 442 918 488 ἋΗτόν
933 445 1070 517 ἔντελῇ
1086 445 1222 496 αὐτοῖς
1248 445 1426 518 ἄριθμόν
1452 447 1564 492 ἄπο-

92 510 240 556 τελεῖν,
274 506 315 546 οἱ
333 503 377 547 δὲ
401 503 477 545 καὶ
492 500 637 572 υγείας
644 499 769 558 ἀρχὴν
797 513 878 543 etc.
934 499 1081 547 Ἠτὸν
1109 505 1246 559 ἐντελῆ
1277 501 1414 556 αὐτοῖς
1443 503 1561 561 αριθ-

92 560 170 617 μὸν
190 558 395 610 ἀποτελεῖ,
425 559 504 613 ἤδη
527 562 594 602 καὶ
615 558 683 632 {ys
668 564 762 609 ίας.
794 560 1004 600 MAncu..

203 616 307 657 Ead.
331 620 362 657 1
379 622 418 660 2.
442 614 513 658 7'H
534 641 592 648 —-
620 617 784 660 ἆποτελε
789 613 849 670 ῐν)
878 615 1162 658 Ritterslzusins
1178 618 1293 657 hunc
1311 619 1449 657 locum
1468 621 1559 658 lau-

91 673 197 714 dans
219 673 270 712 ad
291 673 548 742 Porphyrium
567 689 608 727 p.
633 680 702 718 26.
729 689 806 728 pro
830 671 878 742 ἦ,
910 676 979 716 καὶ
999 678 1174 714 mavult.
1235 675 1287 712 In
1309 675 1558 726 posteriori-

89 731 167 770 bus
202 741 342 770 autem
376 731 488 769 curis
509 728 538 783 ἦ
561 732 758 784 reponit,
789 740 831 771 et
854 726 1039 773 ἀποτελεῖ
1057 731 1186 785 legit,
1218 746 1258 784 p.
1278 735 1346 774 91.
1381 731 1556 784 Optime

86 802 208 838 sane,
240 792 395 830 nam1
419 792 457 830 2.
480 793 519 831 3.
541 792 581 830 4.
615 788 651 825 si
687 787 919 838 addantur,
954 788 1099 828 evadit
1125 801 1323 827 numerus
1354 785 1552 827 denarius

85 845 136 884 ab
164 845 218 882 iis
248 843 584 896 perfectissimus
615 843 799 883 babitus.
860 843 971 884 Vide
999 847 1124 884 etiam
1142 873 1152 887 .
1185 858 1291 898 quae
1316 842 1368 882 de
1394 857 1445 882 eo
1469 854 1551 882 tra-

83 901 187 940 dant
209 899 396 939 Eusebius
424 901 469 938 in
499 901 740 939 Hieroclem
777 915 818 954 p.
847 905 944 945 439
976 900 1072 951 (ed.
1101 899 1318 951 Plzilosir.)
1353 908 1395 939 et
1425 901 1547 953 Dio&

81 959 217 997 Iairt
242 957 361 998 VIII.
387 960 424 1007 9.
443 958 512 1000 85.
556 955 769 996 Laudatur
800 957 926 997 etiam
947 957 1123 997 Philolai
1141 956 1253 995 liber
1276 957 1365 1010 περὶ
1386 954 1550 1008 φύσεως

82 1015 126 1052 in
152 1013 314 1064 libello,
346 1013 417 1051 cui
439 1013 605 1064 titulus,
629 1012 676 1053 vei
703 1011 952 1068 &sokoyozssfoe
956 1031 1006 1055 να
1022 1018 1094 1066 τῆς
1109 1008 1410 1082 Ἀριθμητικῆς,
1433 1013 1548 1065 apud

85 1069 322 1111 Weclzelium
354 1069 582 1122 impresso,
621 1070 796 1109 Parisiis
832 1074 952 1115 1543.
984 1085 1024 1124 p.
1047 1076 1114 1114 22.
1137 1085 1191 1108 m.
1240 1071 1312 1109 De
1342 1067 1549 1112 ἀποτελεῖν

82 1126 182 1165 vide
199 1126 395 1166 Hermot.
416 1141 450 1165 c.
472 1131 540 1170 36.
572 1102 741 1165 ’Seruum
801 1127 869 1166 Ita
891 1137 1107 1167 exaratum
1128 1136 1190 1166 est
1207 1122 1394 1169 &noveio
1359 1145 1401 1166 ι.
1418 1143 1453 1167 ν.
1475 1139 1541 1178 ap-

78 1181 204 1223 Brod.
231 1181 362 1222 Misc.
381 1183 469 1229 IX.
492 1186 557 1226 15.
590 1180 813 1237 Castigo
786 1201 814 1236 η
837 1183 905 1226 τὸν
923 1185 1060 1237 ἐντελῆ
1080 1181 1218 1232 αὐτοῖς
1237 1181 1416 1237 ἆριθμὸν
1437 1180 1544 1224 dno—

75 1245 185 1282 τελεῖ.
238 1236 403 1291 Ἐντελῆ
434 1249 593 1290 autem,
627 1238 848 1289 denarium,
882 1255 933 1280 eo
958 1254 1042 1292 quo
1075 1253 1200 1291 supra
1228 1238 1358 1278 docui
1387 1238 1540 1287 modo,

77 1297 138 1335 ait
166 1294 305 1345 idem,
337 1295 520 1335 innuens
547 1310 619 1345 ea,
654 1310 760 1349 quae
790 1296 903 1335 dixit
931 1296 982 1335 ad
1014 1296 1139 1335 verba
1171 1296 1354 1349 μέγιστον
1388 1293 1537 1351 ὁρκον,

76 1351 281 1404 additque
301 1350 498 1406 figuram,
533 1366 658 1406 quam
683 1366 775 1390 cum
800 1353 926 1391 etiam
950 1352 1120 1391 Solanus
1141 1353 1418 1404 expresserit,
1450 1365 1540 1390 non

73 1409 316 1461 repetimus
353 1408 669 1449 RE1'rz.Hic
698 1409 886 1448 Marcilii
916 1407 1259 1447 emendationem
1295 1408 1539 1459 sequimur3

72 1474 120 1502 ut
140 1464 277 1503 adhuc
295 1463 456 1504 editum
475 1473 553 1516 est,
573 1465 784 1505 caecutire
804 1479 882 1505 nos
900 1465 1096 1506 fatemur.
1131 1463 1268 1505 GESN.
1331 1463 1399 1504 Cf.
1418 1464 1455 1504 V
1458 1478 1545 1504 arr.

68 1522 209 1561 Lectt.
236 1519 289 1559 ad
313 1520 355 1561 h.
376 1522 405 1560 l.
434 1521 595 1560 Lnnm.

182 1599 288 1639 Eacl
305 1601 387 1644 1.3.
436 1598 659 1651 Φιλόλαος)
704 1600 868 1639 Auctor
899 1600 935 1639 is
964 1599 1221 1650 carminum,
1263 1612 1372 1653 quae
1405 1601 1537 1654 vulgo

70 1655 339 1711 Pythagorae
372 1655 640 1707 tribuuntur,
674 1655 724 1696 de
749 1671 832 1709 quo
855 1656 898 1694 in
922 1666 1024 1695 nota
1046 1655 1331 1710 praecedenti.
1365 1655 1536 1696 Sonm.

184 1712 287 1752 Εαίῖ.
308 1715 337 1752 l·
357 1717 395 1756 4.
422 1709 696 1767 Ἐπίκουοος)
729 1714 914 1751 Exstant
945 1711 1084 1751 adhuc
1114 1710 1226 1765 apud
1252 1711 1535 1766 Diog.Lai³·.1-t

71 1779 155 1809 tres
173 1769 378 1821 epistolae
399 1769 580 1821 Epicuri
604 1769 866 1823 gravissimis
898 1767 949 1808 de
982 1767 1108 1807 rebus
1141 1768 1346 1820 scriptae,
1381 1767 1536 1820 quibus

72 1837 210 1865 tamen
235 1823 344 1863 illud
372 1823 567 1880 ὑγιαίνειν
592 1826 767 1864 minime
797 1825 1093 1893 plaemittitur.
1157 1824 1275 1878 Quin
1303 1834 1344 1862 et
1363 1824 1536 1878 Dioge-

71 1896 144 1921 nes
164 1883 274 1937 ipse
278 1883 306 1920 l.
333 1896 369 1921 c
396 1882 628 1936 aliquando
661 1881 906 1921 adhibuisse
925 1879 970 1923 τὸ
995 1898 1038 1924 ευ
1059 1880 1269 1935 πράττειν,
1300 1879 1534 1933 aliquando

74 1953 195 1976 suum
228 1938 270 1979 εὐ
303 1937 474 1994 διάγειν,
509 1938 690 1987 docens,
724 1938 774 1978 de
802 1935 998 1992 ὑγιαίνειν
1027 1940 1158 1976 altum
1189 1937 1299 1976 silet.
1357 1938 1536 1976 Alteru-

73 2005 182 2032 trum
206 2008 325 2047 ergo‚
361 2005 434 2034 aut
452 2004 678 2047 utrumque
697 2008 853 2033 errasse
873 1993 1100 2033 dicendum
1123 2003 1200 2033 est.
1234 1994 1403 2033 som«.

182 2050 286 2090 Εαίῖ.
313 2055 339 2089 l·
361 2056 400 2094 7-
426 2049 653 2105 Ὑγιαίνειν
674 2047 831 2100 ευθύς)
862 2052 911 2089 In
940 2050 1137 2089 omnibus
1157 2061 1294 2088 tamen
1325 2063 1346 2086 3
1370 2048 1536 2088 La'c'rtio

73 2107 215 2146 citatis
238 2111 327 2161 ejus
348 2108 543 2160 epistolis
566 2111 672 2162 zoio&
658 2125 714 2149 etv
732 2121 896 2160 semper
915 2106 1148 2160 piaefixum
1170 2116 1244 2145 est.
1275 2105 1420 2144 Bnon.

181 2185 286 2226 Εαιῖ.
305 2189 333 2226 l.
353 2193 396 2232 8
422 2184 488 2228 'Ev
509 2191 556 2243 τῆ
580 2186 723 2243 ἀρχαίᾳ
748 2187 967 2243 κωμῳδία)
997 2184 1098 2223 Fuit
1116 2185 1229 2224 euim
1249 2183 1410 2237 prisca,
1442 2196 1536 2222 me-

72 2242 141 2281 dia
164 2256 212 2280 ac
234 2257 346 2281 nova
372 2231 619 2285 Comoedia.
650 2246 790 2286 Buon.

181 2298 287 2339 Ead.
309 2301 337 2339 l.
361 2305 426 2344 10.
464 2294 568 2341 Οὖλέ
586 2317 625 2342 τε
652 2303 738 2350 —)
777 2299 900 2339 Hom.
925 2298 1007 2338 Od.
1035 2301 1100 2350 Ω,
1121 2304 1217 2344 401.
1251 2300 1420 2340 SOLAN.

184 2355 288 2395 Eael.
311 2358 337 2395 l.
360 2362 426 2400 11.
458 2360 639 2409 Σαφῶς)
669 2357 759 2407 Ita,
791 2366 838 2395 ut
866 2360 1150 2409 conjeceram,
1182 2355 1311 2396 habet
1338 2352 1446 2394 Cod.
1477 2351 1533 2393 L.

75 2410 176 2453 Vid.
199 2427 233 2450 c.
258 2417 323 2455 10.
355 2414 532 2467 Reliqui
552 2413 652 2452 libri
675 2417 827 2463 σοφῶς.
857 2413 1023 2453 SOLAN,

186 2468 334 2510 Eatl.1.
358 2475 422 2513 12.
442 2470 615 2518 Ἄλεξις,
659 2479 701 2509 et
723 2467 904 2524 Ἀχαιὸς)
934 2468 1084 2510 Aleris
1105 2469 1320 2510 Comicus.
1347 2467 1538 2508 Achaeus

75 2523 221 2564 itidem
240 2525 440 2566 Comicus
464 2526 510 2565 ac
529 2526 772 2567 Plzilaemon.
802 2528 943 2565 Bnon.
1003 2527 1152 2567 Alexis
1171 2531 1298 2580 po'eta
1321 2524 1536 2572 Comicus,

77 2584 197 2632 cujus
227 2591 391 2633 praeter
427 2583 662 2638 fragmenta
702 2583 858 2636 passim
893 2585 1161 2623 occurrentia
1190 2582 1301 2621 nihil
1329 2587 1535 2643 superest.

75 2637 261 2676 Achaeus
282 2639 496 2689 Eretrius,
538 2643 663 2690 poeta
695 2639 922 2693 Tragicus,
963 2638 1179 2692 Sophocle
1207 2640 1350 2692 paullo
1377 2634 1535 2691 junior-

76 2694 145 2733 De
166 2692 388 2736 Philemone
409 2695 506 2738 vide
528 2695 706 2736 suidam.
748 2697 851 2749 Fjus
874 2696 1107 2751 fragmenta
1129 2695 1265 2738 edidit
1286 2707 1421 2748 nuper
1441 2703 1536 2730 cum
