1781 3174
204 182 307 242 364
716 190 1150 231 εοιιοιιΑ.

203 303 257 345 V.
285 299 506 356 (μέμνηται
523 290 737 342 Πλάτωνὸ
766 291 945 348 κωμικὸς
974 293 1017 337 ἐν
1045 295 1119 336 Διῒ
1144 291 1383 350 κακουμένῳ
1414 291 1577 332 addunt
1599 293 1667 337 Μ.

204 369 248 401 et
271 359 420 466 B'lgag.
439 415 536 455 261.
554 411 584 448 1.
607 413 646 452 8.
684 403 783 449 ὗπό
822 405 1061 461 κώδωνι]
1090 403 1188 450 ‘'On
1217 410 1393 461 συνῆθες
1421 407 1466 450 ἐκ
1491 410 1672 450 παλαιοῦ

207 473 401 517 Λατίνοις
418 469 461 520 ⁵)
490 463 568 507 ὖπό
590 461 749 506 κώδωνι
766 461 1047 516 ἐκκλησιάζειν.
1090 465 1143 505 V„

316 527 416 579 Pag.
439 527 536 567 264·
556 524 583 563 l.
600 526 642 565 2.
685 524 710 575 β
725 518 885 574 ἄδην]
931 516 1080 574 ἠρέμα,
1123 517 1153 573 ἢ
1182 524 1332 563 θᾶττον
1356 516 1386 575 ἦ
1411 521 1570 576 ταχέως.
1612 520 1666 561 G.

206 587 224 638 (
242 585 356 624 Cave
379 578 610 634 posteriori
628 577 888 616 enarrationi
913 577 1056 617 credas
1076 574 1131 630 t).
1164 577 1336 628 Solam.)

320 636 475 677 Ead.1.
501 640 566 678 11.
598 635 868 688 νεαλέστερ
886 651 906 675 ο
921 635 969 686 ς]
1004 637 1166 689 Κυρίως
1183 636 1237 684 ¹¹)
1268 631 1290 677 ὅ
1318 636 1458 677 νεωστὶ
1487 631 1671 684 ἑαλωκώς

206 693 333 752 ἰχθύς.
367 695 512 747 λέγεται
529 691 569 732 δὲ
590 692 656 732 καὶ
673 688 694 733 ὁ
715 691 854 733 νεωστὶ
872 687 1062 739 ἆλισθείς.
1095 691 1144 732 V.

320 751 421 803 Pag.
445 750 590 793 267.1.
618 751 683 791 14.
717 750 959 800 διψῶντα
988 748 1340 802 κεκραγέναι]
1388 746 1440 790 T&
1470 748 1572 801 ἑξῆς.
1614 750 1673 790 δι-

204 808 348 864 ψῶντα
367 806 601 860 κεκραγέναι
620 803 970 858 ἔπιμελούμενον,’
988 801 1043 854 ὦς
1062 805 1255 858 ἐπίσημος
1285 806 1354 858 ἔσῃ
1379 806 1448 848 καὶ
1472 809 1673 860 κορυφαῖ-

210 883 231 909 ο
259 898 269 909 .
300 866 351 906 V.

236 883 255 915 ς
322 925 416 973 Pag.
437 923 533 963 268.
559 920 588 959 1.
609 922 650 962 6.
703 913 764 959 ἓώ
778 921 798 958 λ
813 933 870 958 ου
910 914 1078 969 τινος]
1117 922 1334 971 χθεσινοῦ,
1373 915 1560 974 ψυχροῦ,
1600 934 1675 972 μα·

202 980 317 1021 ταίου
330 1009 340 1027 ,
375 975 634 1028 ἀνωφελοῦς.
665 970 886 1028 οἷνισχύρου
906 975 969 1024 x).
1000 973 1053 1013 V.

315 1033 463 1074 Ead.1.
492 1036 557 1075 14.
589 1048 720 1085 προς
734 1047 944 1085 επιμετρ
960 1030 1165 1083 οῦντες]
1193 1025 1297 1072 ’Am-i
1315 1033 1402 1081 τοῦ,
1433 1030 1502 1072 καὶ
1523 1029 1673 1086 πέραῐ)

203 1094 279 1134 τοῦ
301 1087 452 1137 εἰκότος
473 1089 801 1136 ἐπισκοποῦντες.
833 1086 883 1126 V.

316 1147 416 1201 Pag.
434 1150 530 1188 277.
553 1147 580 1186 1.
601 1150 641 1189 3.
674 1144 732 1196 ἐφ
745 1160 762 1186 ε
776 1157 863 1198 στρ
876 1143 890 1184 ί
903 1145 926 1185 δ
936 1159 950 1184 ι
963 1160 983 1184 o
995 1143 1043 1196 ν]
1074 1140 1257 1196 μανδύαν
1285 1140 1376 1185 τινά
1392 1157 1403 1168 ·
1434 1140 1603 1197 ἄμεινον
1631 1140 1675 1186 δὲ

201 1203 462 1260 κεκρύφαλον
476 1207 599 1244 νοεῖν.
630 1200 668 1240 V

316 1258 420 1299 Ead.
432 1261 460 1300 l.
474 1264 492 1300 1
503 1263 540 1300 1.
568 1261 593 1311 β
605 1274 626 1311 ρ
641 1273 658 1299 ε
669 1274 692 1297 ν
706 1263 738 1298 θ
749 1274 774 1297 υ
790 1255 811 1298 ό
825 1273 851 1309 μ
864 1273 910 1298 εν
922 1273 942 1298 ο
957 1255 1014 1308 ι’]
1032 1251 1365 1309 ἀλαζονευόμενοι
1382 1252 1409 1309 ἢ
1423 1252 1673 1307 λυπούμενοι

202 1318 270 1361 καὶ
291 1316 631 1370 δυςχεραίνοντες·
661 1314 865 1367 βρένθυον
885 1313 926 1354 δὲ
945 1310 1073 1365 μύρον
1092 1317 1170 1354 τῶν
1199 1314 1382 1366 παχέων,
1413 1315 1455 1354 οἴ
1481 1312 1522 1354 δὲ
1550 1309 1672 1353 α’νθι-

202 1392 278 1417 νον
300 1371 440 1427 μύρον.
472 1375 645 1412 καλεῖται
665 1371 733 1412 καὶ
751 1366 891 1424 ὄρνεὸν
910 1386 946 1410 τι
975 1369 1177 1425 βρένθος,
1208 1368 1232 1411 ὃ
1260 1370 1358 1412 ἔνιοι
1391 1367 1603 1422 κόσσυφον
1624 1370 1668 1419 z)

202 1434 385 1474 καλοῦσι.
418 1428 456 1468 V
767 1476 771 1478 .

316 1486 414 1538 Pag.
437 1485 588 1528 278.1.
615 1486 653 1525 1.
687 1479 861 1536 ἄδωρα
894 1476 987 1524 οὖν
1017 1496 1095 1524 σοι
1126 1481 1183 1525 τὰ
1212 1485 1366 1540 δῶρα]
1400 1487 1519 1537 Γρ.ᾱι
1545 1479 1668 1536 ὄέωρα.

203 1545 273 1582 Ex
288 1539 518 1596 Sophoclis
543 1541 676 1594 Ajace
694 1539 766 1591 (v.
790 1542 918 1593 675.)
950 1539 1002 1578 G.
1037 1538 1176 1581 Solan-

248 1732 289 1772 3)
315 1731 574 1775 Λατίνοις]
599 1731 793 1771 Λατείνοις
819 1729 962 1764 editum
993 1735 1083 1764 erat.
1132 1728 1296 1763 Mutavit
1317 1729 1487 1773 Solanus,
1513 1739 1591 1762 non
1609 1727 1673 1763 ad-

296 1778 385 1811 dens
405 1778 505 1811 unde
522 1777 667 1811 habeat.
716 1779 832 1810 Recte
849 1776 1004 1821 quidem
1021 1776 1212 1818 Λατίνοις,
1237 1775 1310 1811 vid.
1331 1776 1448 1808 Strab.
1466 1776 1510 1811 V.
1532 1787 1568 1819 p.
1592 1786 1671 1819 229.

297 1824 360 1864 (al.
379 1824 472 1867 350.)
498 1823 570 1857 Sed
591 1824 714 1869 potuit
731 1829 857 1856 tamen
878 1823 1067 1856 Scholiast.
1086 1822 1278 1860 Λατείνοις
1295 1821 1457 1854 scribere
1475 1821 1540 1854 ino
1560 1832 1671 1862 aevo3

294 1870 452 1913 longum
471 1870 571 1903 enim
591 1871 605 1903 i
623 1876 659 1904 et
682 1869 773 1903 alibi
791 1869 835 1901 fit
856 1880 898 1911 ει,
912 1874 953 1901 ut
963 1869 1060 1900 Liris
1077 1868 1332 1910 amnis-4559&
1344 1869 1458 1900 strab.
1481 1868 1525 1901 V.
1545 1878 1579 1910 p.
1593 1871 1671 1909 238.

295 1916 354 1948 vel
372 1916 450 1959 563.
498 1917 547 1949 Et
574 1927 612 1960 p.
638 1914 807 1960 praeced.
832 1916 998 1958 Λείριος,
1023 1914 1117 1947 item
1146 1911 1325 1956 Εὔξεινος
1352 1914 1481 1944 Pontus
1497 1914 1672 1955 Euxinus,

295 1962 399 1996 idem
427 1961 576 2006 ubique.
630 1962 759 1995 Cluver.
790 1961 942 2006 quidem
969 1962 1009 1993 L.
1038 1961 1106 1993 III.
1135 1972 1166 1994 c.
1196 1971 1251 2003 55.
1282 1960 1322 1992 in
1347 1963 1443 1992 nott.
1476 1958 1597 1991 adfert
1628 1969 1672 1991 ex

295 2010 395 2040 said.
441 2006 613 2052 Τήλεφος
636 2005 706 2052 γάρ
731 2026 778 2033 -
800 2005 1029 2051 ύποκληθεὶς
1055 2009 1243 2045 Λατεῖνος.
1302 2004 1374 2038 Sed
1400 2004 1439 2037 in
1458 2004 1541 2049 ipso
1559 2005 1673 2037 suida

294 2054 434 2098 legitur
451 2057 611 2095 Λατῖνος
640 2061 676 2086 et
694 2056 860 2088 Λατῖνοι.
911 2055 1020 2086 Certe
1051 2053 1092 2085 in
1118 2052 1223 2086 Edit.
1253 2062 1326 2096 qua
1356 2055 1461 2094 utor,
1497 2050 1665 2096 antiqua,

297 2111 366 2132 nee
387 2099 540 2134 dubium
553 2126 562 2143 ,
590 2100 677 2145 quia
696 2099 751 2132 sic
770 2099 905 2132 millies
922 2098 1022 2143 apud.
1042 2097 1203 2143 quosvis.
1253 2099 1369 2130 Reitz.

249 2145 286 2190 t)
312 2148 500 2187 credas]
527 2145 755 2179 stultissima
779 2156 866 2178 sane
887 2145 986 2178 foret
1007 2145 1097 2178 haec
1119 2141 1366 2177 Grammatici
1395 2141 1613 2185 explicatio,
1640 2140 1671 2173 si

296 2190 341 2224 ad
361 2202 472 2224 unam
494 2203 624 2226 vocem
653 2190 774 2235 βάδην
793 2191 982 2236 pertinere
1010 2201 1091 2223 eam
1110 2190 1299 2223 voluisset.
1346 2186 1528 2220 Videntur
1546 2186 1670 2231 potius

293 2236 385 2269 haec
403 2239 615 2282 posteriora
640 2236 666 2282 ἢ
688 2239 831 2273 θᾶττον
852 2242 922 2270 etc.
949 2236 997 2270 ad
1015 2236 1128 2269 verba
1153 2241 1294 2278 textus,
1320 2230 1366 2267 τοὶ
1383 2230 1451 2276 μὲν
1472 2233 1671 2276 παραδρα-

297 2279 377 2327 μών
398 2283 615 2327 referenda,
642 2291 678 2318 et
696 2283 946 2328 negligentius
964 2281 1077 2316 modo
1095 2280 1308 2327 proposita,
1334 2290 1422 2311 esse.
1455 2279 1576 2313 Lehm.

249 2331 300 2373 u)
329 2331 394 2363 Κυ
407 2330 546 2374 ρι’ως]
573 2330 633 2364 Sic
655 2330 795 2375 optime
819 2328 1135 2362 abbreviationem
1155 2326 1246 2361 Cod.
1265 2326 1308 2357 V.
1329 2324 1422 2368 legit
1443 2324 1498 2357 Cl.
1518 2326 1550 2358 J.
1574 2325 1670 2357 Gro—

296 2378 436 2417 novius,
463 2375 527 2420 qui
547 2376 703 2409 eandem
729 2374 938 2409 observavit
967 2375 1007 2407 in
1028 2373 1150 2407 Schol.
1170 2373 1217 2405 ad
1243 2372 1394 2405 καταπλ.
1413 2381 1469 2415 73.
1498 2369 1668 2414 (Catapl.

298 2433 330 2455 c.
354 2422 430 2462 ιο.)
451 2422 523 2454 nisi
545 2422 646 2467 quod
664 2422 718 2456 ibi
733 2421 806 2455 levi
827 2419 1034 2454 mutatione
1053 2416 1186 2463 κύριον
1203 2418 1383 2460 designat.
1411 2416 1530 2451 Solan,

249 2468 296 2512 x)
323 2461 523 2513 ἄνισχύρ
537 2471 614 2509 ου]
643 2469 747 2513 Quae
763 2467 802 2500 in
812 2468 928 2499 Reitz.
951 2471 988 2499 et
1004 2467 1086 2510 Bip.
1107 2464 1201 2498 Edd.
1221 2463 1370 2507 vulgata
1387 2461 1547 2506 fuerant,
1573 2458 1671 2498 dm·

299 2512 443 2556 φηλοῦς
462 2520 498 2546 et
519 2510 749 2558 οἷνυσχύρου,
776 2519 987 2546 correxerat
1006 2512 1080 2553 jam
1096 2510 1347 2542 Schmiederus.
1397 2507 1515 2542 Lelzm.

251 2561 298 2603 y)
324 2557 409 2602 πέρ
423 2560 473 2602 α]
498 2558 627 2603 ,,παρο“ι
645 2560 785 2593 editum
803 2565 899 2601 erat,
925 2557 986 2591 sed
1007 2556 1167 2590 mutavit
1185 2554 1374 2587 Solan1c⁸.“

252 2605 296 2648 z)
323 2601 591 2650 κόσσιφον]
626 2607 725 2650 Lege
753 2601 957 2648 κόσσυφον.
993 2602 1112 2636 Solan.
1161 2600 1223 2634 Sic
1251 2599 1404 2644 scripsi,
1442 2610 1670 2646 quamquam

298 2661 376 2683 non
406 2651 642 2694 praeiverant
664 2653 780 2686 Reitz.
800 2656 835 2683 et
860 2654 1016 2683 recentt.
1063 2647 1113 2680 Et
1142 2645 1242 2699 quod
1269 2646 1326 2679 bis
1353 2646 1547 2690 vulgatum
1575 2651 1668 2689 erat,

299 2697 441 2740 μῦρον,
467 2706 541 2729 non
562 2697 777 2731 dubitabam
796 2695 1006 2730 emendare.
1055 2693 1221 2727 Omnino
1243 2690 1287 2725 de
1309 2690 1380 2726 hoc
1401 2691 1552 2725 scholio
1571 2702 1669 2730 non-

301 2740 407 2776 nulla
426 2752 447 2776 a
464 2743 580 2778 lensio
601 2743 743 2780 monita
760 2741 999 2787 reperiuntur
1018 2738 1119 2776 infra
1133 2737 1174 2773 in
1193 2735 1347 2773 Aduott.
1386 2738 1504 2773 Lehm.
