1781 3174
213 218 312 272 718
571 230 1321 265 ADNOTATIONES

215 349 399 390 semper,
429 331 506 372 ubi
522 331 590 370 bis
614 341 677 370 ter
698 329 810 369 idem
836 329 996 368 dictum
1019 329 1217 378 invenio,
1250 344 1394 370 eorum
1416 331 1675 373 mentionem

216 393 479 442 onritteremss
524 404 616 427 narn
641 398 682 427 et
707 397 851 441 patere
882 396 1076 440 oportet,
1111 386 1223 426 unde
1247 388 1506 429 recentiores
1527 390 1677 444 prose-

215 451 363 490 cerint.
406 449 568 486 Rmrrz.

327 527 429 567 EasZ,
450 529 477 566 1.
501 530 538 568 4,
572 524 760 579 Πρῶτος)
789 523 888 562 Non
910 525 1072 577 primus,
1107 540 1198 564 cum
1220 535 1317 565 ante
1338 541 1433 566 eum
1459 524 1571 578 apud
1587 524 1678 565 Ho-

212 603 356 626 merum
385 586 521 636 ipsum
552 585 785 636 legeretur3
819 581 931 633 quod
957 582 1046 631 ipse
1077 582 1282 621 Lucianus
1310 587 1453 635 paullo
1480 593 1577 621 ante
1597 582 1678 633 obj-

213 642 409 683 servavit,
446 638 562 692 Quid
587 653 685 691 ergo
708 639 788 676 sibi
813 640 892 690 jam
917 637 1038 676 vult?
1074 640 1134 676 An
1148 637 1464 677 Marathoniam
1491 651 1676 692 pugnam

212 710 310 739 ante
334 698 550 736 Homerum
575 696 704 734 fuisse
739 692 919 733 credidit
939 693 1176 736 Lucianus?
1215 696 1335 734 Bona
1359 696 1493 737 verba,
1557 691 1677 748 Quid

213 755 348 809 ergo?
391 755 561 791 Dicam.
625 751 829 804 Quamvis
856 764 940 788 non
973 753 1073 789 satis
1109 763 1273 804 aperte,
1308 766 1358 790 eo
1383 755 1463 805 jam
1487 749 1560 789 diu
1585 766 1676 790 ora·

209 807 343 851 tionis
372 810 499 848 series
530 807 696 856 tendit,
733 818 778 845 ut
799 807 1012 859 quomodo
1037 808 1216 846 formula
1239 808 1364 859 baec,
1398 821 1504 863 quae
1537 807 1673 860 primo

208 868 372 922 legibus
398 865 517 920 quasi
544 868 680 903 soluta
710 864 827 903 omni
848 864 1027 916 tempori
1063 874 1159 916 apta
1184 865 1454 914 censebatur,
1487 864 1678 916 coeperit

210 923 529 977 compellationi
557 931 596 960 et
616 921 889 974 epistolarum
915 919 1101 958 exordiis
1123 922 1294 975 propria
1316 920 1429 971 fieri,
1464 919 1676 960 ostendat.

210 980 342 1033 Cujus
373 980 433 1018 rei
465 979 640 1016 initium
678 993 697 1015 a
727 976 987 1030 I‘hidippide
1018 977 1060 1014 in
1087 992 1302 1025 sermone,
1336 988 1376 1016 et
1405 993 1426 1017 a
1451 977 1610 1016 Cleone
1630 977 1677 1014 in

208 1038 403 1090 epistolis
427 1035 626 1088 assignat.
674 1033 870 1072 Pluribus
896 1032 998 1072 haec
1020 1034 1232 1087 explicare
1257 1044 1426 1073 coactus
1449 1049 1555 1082 sum,
1578 1033 1678 1085 quia

207 1109 228 1132 a
261 1093 492 1131 clarissimo
514 1091 715 1144 Euripidis
736 1089 898 1129 editore
928 1104 1012 1128 non
1035 1091 1126 1128 sine
1159 1091 1300 1144 specie
1328 1090 1433 1129 vitio
1457 1090 1561 1129 haec
1581 1090 1677 1129 Lu-

205 1153 321 1191 ciano
343 1149 553 1187 dabantur
574 1149 619 1185 i'n
650 1148 764 1185 notis
788 1145 839 1184 ad
865 1147 1022 1186 Electr.
1045 1161 1082 1185 v.
1107 1153 1228 1192 1357.
1276 1149 1446 1188 SOLAN.

317 1228 417 1268 Eacl.
444 1231 471 1268 l.
496 1230 532 1271 5-
575 1229 818 1278 Φιλιππίδης
849 1223 871 1266 ὅ
889 1223 1249 1280 ἡμεροδρομήσας)
1285 1228 1479 1265 Erratum
1501 1236 1562 1266 est
1583 1240 1680 1265 sae-

204 1285 378 1341 pissime
407 1285 450 1322 in
486 1285 659 1321 nomine
691 1286 780 1336 ejus
815 1282 917 1324 viri;
966 1287 1099 1322 multo
1133 1284 1283 1323 melius
1315 1284 1511 1323 I-Ieroslot.
1538 1286 1565 1321 l.
1602 1283 1676 1324 VI.

205 1343 279 1396 qui
305 1357 397 1380 eum
428 1343 694 1391 Φειδιππίδην
721 1349 856 1377 vocat.
919 1340 1086 1378 Nomen
1114 1344 1261 1393 procul
1283 1340 1412 1379 dubio
1439 1342 1476 1379 ei
1500 1339 1677 1393 imposi-

203 1409 292 1437 tum
317 1398 369 1436 ob
394 1411 537 1435 cursus
573 1397 853 1444 celeritatem,
891 1406 1041 1449 utpote
1075 1398 1145 1449 qui
1166 1412 1310 1435 cursor
1333 1397 1517 1435 eximius
1548 1399 1675 1437 ἵππου

201 1457 405 1507 ἐφείδετο,
441 1454 510 1492 cui
537 1468 620 1490 non
646 1467 752 1504 opus
773 1460 859 1490 erat
882 1466 1008 1503 equo.
1073 1454 1142 1491 Sic
1165 1454 1274 1491 enirn
1303 1454 1476 1491 Graecis
1500 1454 1676 1491 nomina

203 1527 326 1564 saepe
346 1511 395 1548 ab
420 1510 619 1548 instituto
641 1519 681 1547 et
700 1509 1006 1547 exercitatione
1040 1509 1379 1560 imponebantur.
1443 1509 1514 1548 Sic
1543 1514 1676 1561 Πηυε-

201 1566 305 1620 λόπη
327 1563 408 1607 ἀπὸ
429 1572 501 1607 τοῦ
518 1567 648 1606 λέπειν
667 1565 739 1615 τὴν
760 1562 909 1615 πήνην.
972 1565 1041 1603 Sic
1062 1564 1266 1615 Ἠλέκτρα
1291 1565 1356 1606 διὰ
1378 1563 1421 1606 τό
1442 1564 1568 1606 πολὺν
1588 1562 1676 1618 χρό-

200 1643 275 1666 νον
299 1621 484 1676 ὄῖλεκτρον
506 1621 619 1664 εἶναι.
680 1622 748 1659 Sic
775 1622 1011 1674 Μελέαγρος
1037 1620 1096 1663 ὅτι
1118 1619 1228 1677 αὐτῷ
1246 1623 1350 1674 μέλει
1368 1626 1438 1673 τῆς
1459 1621 1584 1676 ἄγρας
1601 1625 1676 1662 τοῦ

202 1684 469 1722 Καλυὸωνίου
505 1677 677 1731 κάπρου.
751 1678 820 1715 Sic
845 1674 1066 1730 Γλ’ῗἸροικλῆς,
1109 1677 1168 1719 ὅτι
1198 1675 1262 1719 διὰ
1294 1678 1367 1730 τήν
1388 1677 1531 1731 ΓἸΙροιν
1561 1680 1675 1727 κλέος

198 1741 292 1792 ἔσχε.
354 1738 425 1775 Sic
451 1739 673 1783 Πολυΐδος,
706 1733 771 1775 διὰ
802 1732 843 1775 τὸ
868 1734 1005 1787 μάντις
1033 1733 1088 1776 ὢν
1109 1733 1234 1776 πολλὰ
1261 1738 1330 1777 ἰ’ὁε.
1393 1735 1464 1774 Sic
1489 1741 1672 1787 Βελλερο-

198 1795 351 1848 φόντης
384 1788 464 1834 dm)
496 1797 568 1833 τοῦ
597 1793 790 1844 Βελλέρωυ
824 1792 972 1842 φόνου.
1037 1792 1107 1831 Sic
1133 1789 1452 1844 ‘Yns'pffwnffvpoc
1478 1790 1537 1833 ὅτι
1567 1788 1670 1844 ὑπὲρ

197 1856 426 1906 μνηστῆρος
443 1850 630 1903 Λυγκέως
654 1847 896 1890 ἐκικνὸύυευε·
931 1859 970 1886 et
994 1858 1193 1906 seigcenta
1214 1849 1331 1888 talia.
1366 1850 1514 1886 PALM.
1575 1848 1671 1886 Etsi

197 1909 397 1949 Palmerio
422 1906 659 1958 Solanoque
681 1908 806 1957 plane
829 1904 1058 1950 adsentior,
1097 1908 1360 1956 Φειδιππίδης
1379 1904 1668 1953 scribendum,

197 1980 286 2004 non
315 1967 578 2015 Φιλιππίὸης,
614 1962 763 2015 reliqui
788 1972 924 2000 tamen
951 1965 1192 2014 vulgatum,
1229 1963 1327 2014 quia
1349 1960 1561 2000 interdum
1586 1975 1673 1999 non

197 2022 378 2060 insuave
406 2031 470 2059 est
498 2018 707 2072 ejusmodi
738 2032 918 2066 errores,
956 2032 1062 2069 quos
1096 2017 1146 2055 ab
1172 2019 1276 2067 ipsis
1302 2018 1550 2056 auctoribus
1576 2032 1673 2070 pro-

197 2079 334 2116 fectos
363 2075 525 2125 credas,
560 2078 709 2128 legere,
774 2073 870 2113 Vid.
902 2075 1012 2111 infra
1039 2090 1073 2114 c.
1096 2080 1135 2118 8.
1163 2075 1349 2113 Eumenes
1380 2073 1603 2113 Cardianus
1628 2083 1672 2112 et

197 2134 419 2173 Sardianus
453 2133 645 2171 confusa.
680 2132 843 2168 Rmrz.
905 2130 1068 2169 Belinus
1102 2145 1270 2185 quoque
1305 2145 1458 2169 nomen
1489 2130 1559 2167 hic
1580 2132 1673 2168 vul-

195 2201 338 2245 gatum
361 2188 606 2227 mutandum
634 2197 790 2226 censet.
850 2187 1005 2226 Verum
1030 2198 1071 2225 et
1092 2201 1170 2241 ego
1196 2202 1289 2225 cum
1311 2186 1468 2226 Reitzz'o
1488 2185 1672 2225 arbitror

196 2246 351 2301 corrigi
377 2247 439 2284 sic
463 2260 548 2283 non
569 2244 791 2290 librarios,
825 2243 896 2281 sed
919 2254 1133 2283 auctorem
1168 2244 1318 2296 ipsum.
1379 2243 1670 2282 Leviusculus

195 2301 267 2341 hic
301 2316 416 2342 error
448 2312 534 2350 est,
568 2310 609 2338 et
640 2303 729 2353 ejus
765 2300 954 2354 generis,
988 2310 1037 2337 ut
1068 2300 1195 2338 facile
1226 2315 1247 2338 a
1277 2300 1482 2348 Luciano,
1516 2299 1666 2336 talium

193 2358 470 2397 minutiarum
493 2358 632 2395 minus
658 2356 827 2394 curioso
842 2357 1063 2408 scriptore,
1079 2356 1288 2394 committi
1312 2357 1513 2408 potuerit.
1547 2353 1668 2407 Quin

195 2415 412 2468 graviores
436 2415 562 2453 etiam
584 2416 674 2465 ejus
695 2427 854 2450 errores
879 2422 1131 2462 occurrunt,
1166 2412 1216 2451 de
1240 2413 1395 2465 quibus
1416 2410 1666 2463 aliquando,

194 2471 229 2509 si
251 2472 348 2509 Deo
371 2471 603 2522 placuerit,
636 2469 679 2506 in
703 2469 909 2520 peculiari
938 2468 1297 2507 commentatione
1319 2481 1534 2519 exponere
1554 2466 1664 2504 mihi

192 2528 415 2580 proposui.
477 2526 651 2565 Interim
675 2526 729 2564 cf.
755 2524 974 2563 Hemsterh.
1000 2524 1049 2562 ad
1066 2524 1249 2563 Charon.
1273 2528 1361 2566 c.9.
1389 2520 1426 2561 v.
1451 2525 1667 2565 ἐλασείοντι

193 2593 233 2622 et
257 2598 387 2622 meam
409 2582 554 2622 adnot.
577 2581 629 2620 ad
650 2582 783 2619 Diall.
810 2582 966 2619 Mortt.
986 2581 1096 2628 XII,
1119 2586 1158 2623 7.
1191 2583 1311 2619 Tom.
1335 2580 1392 2619 ΙΙ.
1416 2594 1457 2633 p.
1481 2585 1579 2624 566.
1601 2592 1663 2633 sq.

189 2640 351 2679 anvr.

300 2706 402 2748 Ead.
434 2709 459 2747 1.
483 2712 522 2749 8.
564 2706 903 2756 Συναποθανεῖν)
940 2703 1178 2743 Valckenar.
1205 2703 1255 2741 ad
1287 2703 1483 2743 Herodot.
1509 2703 1589 2753 VI,
1617 2717 1660 2755 p.

188 2768 285 2808 487.
307 2762 566 2817 conjiciebat
590 2764 871 2804 ἐναποθανεῖν.
932 2761 1003 2799 Sic
1023 2761 1229 2800 Lucianus
1251 2760 1296 2798 in
1319 2763 1515 2800 Hermot.
1539 2775 1575 2800 c.
1591 2764 1658 2804 75.
