1781 3174
206 190 307 240 604
559 194 1314 232 'ADNo'rA'ronEs

205 301 357 342 dehoc
378 296 593 352 supplicio
612 296 665 336 ad
682 294 789 334 illud
803 295 960 337 Patron.
984 294 1189 336 debeamus
1206 300 1302 337 tenti
1313 301 1453 352 perir-e,
1482 297 1662 342 Bonan.

204 357 369 411 Spanh.
394 355 447 394 ad
471 353 694 405 Aristoph
715 354 823 394 Plut.
844 367 884 392 v.
907 357 1004 396 470.
1037 353 1239 405 ostendit,
1252 364 1340 395 tum
1363 355 1543 394 fustium
1567 370 1666 410 sup-

203 414 406 468 plinium,
438 421 528 451 tum
553 409 820 447 fidicularum
840 409 1074 448 cruciatum
1092 409 1169 448 hac
1200 425 1307 450 voce
1330 411 1488 453 notari.
1547 413 1666 452 Alte-

202 486 294 510 rum
328 480 466 508 autem
489 465 748 519 supplicium
782 465 916 503 nolim
945 480 1108 504 crucem
1129 476 1316 518 vertere,
1351 481 1458 522 quae
1495 468 1668 534 σταυρὸς

204 537 294 576 est,
324 536 366 566 et
386 531 458 567 τοῦ
483 529 519 564 Τ
549 522 723 577 figuram
757 520 897 564 habet.
952 519 1050 564 ’And
1078 526 1148 564 τοῦ
1175 499 1369 574 σκόλοπος
1394 526 1511 564 acuti
1541 526 1665 566 notio

202 583 403 638 separari,
435 589 556 635 puto,
579 593 666 617 non
688 588 842 627 potest.
876 578 1010 621 GEsN

318 633 706 689 16ίιὶ.Τυμπάνου)
738 636 966 674 Fustuario
990 639 1231 677 mulctatos
1296 635 1485 691 Τύμπανα
1503 657 1578 693 γαρ
1601 638 1668 691 ξύ..

201 701 251 739 λα
268 694 329 745 οἷς
353 692 566 736 τύπτονται
587 694 629 735 ἐν
650 697 734 740 τοῖς
755 694 1026 759 δικαστηρίοις
1049 696 1089 735 οῖ
1104 693 1406 748 τιμωοούμενοι.
1437 696 1607 738 VonsT.

314 752 413 806 Pag.
435 752 577 796 198.1.
599 754 640 793 2.
675 745 841 803 Εκάτης
867 746 909 791 τὸ
930 753 1121 802 δεῖπνον)
1162 750 1419 793 Vid.Dia11.
1441 753 1594 797 Mortt.
1625 754 1664 795 I.

200 810 373 850 SOLAN.

314 865 415 908 Eacl
438 867 468 905 1.
493 869 532 909 4.
582 860 760 917 Σηπύαν
788 861 927 916 ὠμὴν)
967 863 1066 918 Quo
1102 865 1249 903 moitis
1281 878 1434 918 genere
1462 866 1575 904 fama
1603 875 1668 906 est

199 924 446 979 Diogenem
479 922 529 960 ab
560 920 756 959 humanis
790 920 1031 960 excessisse.
1065 922 1210 962 Bnon.
1270 921 1340 961 De
1370 920 1449 960 hac
1479 921 1664 961 historia

200 995 327 1033 supra
348 978 509 1017 dictum
530 987 591 1017 est
614 976 664 1016 ad
686 977 774 1017 Vit.
797 978 923 1016 Auct.
948 992 980 1016 c.
1005 983 1071 1020 10
1105 977 1180 1015 ubi
1201 986 1315 1018 recte
1335 991 1479 1017 omnes
1500 980 1663 1031 σηπίαν,

202 1035 317 1102 quod
340 1045 382 1074 et
403 1036 475 1074 hic
502 1034 639 1073 secuti
670 1034 774 1074 Mss.
801 1033 883 1072 Ox.
915 1043 956 1072 et
976 1035 1021 1072 P.
1046 1035 1156 1073 etB.
1175 1039 1216 1077 2.
1248 1034 1538 1086 restituimus,
1571 1049 1666 1074 cum

199 1094 244 1131 in
267 1093 444 1145 reliquis
463 1095 676 1146 legeretur
697 1088 1070 1141 6777t150cv.SOLAN.
1131 1091 1329 1129 Imitatus
1351 1090 1486 1144 igitur
1504 1068 1567 1130 e⁷st
1583 1106 1668 1131 ma-

198 1150 375 1205 gistrum
401 1164 546 1189 suum:
580 1150 661 1200 jam
685 1147 914 1185 alluserat
903 1161 947 1184 m
970 1147 1164 1185 Vitarum
1188 1147 1399 1185 auctione.
1433 1147 1571 1186 GESN.

310 1205 415 1244 EacZ.
434 1208 461 1244 1.
483 1210 522 1248 8.
551 1201 745 1252 Ἐλθεῖν)
778 1203 848 1243 Sic
871 1212 911 1241 et
929 1207 1055 1242 venire
1071 1217 1148 1257 pro
1170 1203 1293 1252 mori,
1323 1203 1414 1242 sive
1434 1202 1483 1241 ad
1504 1204 1668 1243 inferos

195 1261 368 1311 venire,
404 1262 577 1314 Pruopett
599 1261 642 1310 I,
678 1263 752 1306 14,
781 1264 846 1302 14.
877 1260 1043 1300 REI'rZ.
1103 1259 1358 1298 Addendum
1387 1269 1496 1298 erat:
1530 1260 1595 1298 ubi
1615 1277 1669 1300 ex

195 1319 335 1374 inferis
354 1321 441 1372 quis
466 1318 652 1372 loquitur.
712 1316 919 1382 Alioquin
943 1331 1030 1354 non
1067 1316 1352 1370 intelligitur,
1387 1329 1469 1369 qua
1501 1318 1669 1356 latione

195 1377 307 1414 idem
332 1375 504 1413 verbum
525 1373 651 1411 etiam
674 1375 781 1420 oriri,
803 1388 914 1411 nasce
901 1395 934 1420 ,
969 1372 1211 1425 significare
1232 1373 1390 1423 possit,
1424 1381 1472 1409 ut
1504 1372 1556 1411 de
1578 1376 1668 1412 sole

194 1432 343 1472 Horat.
366 1431 446 1483 Ep.
470 1430 512 1480 Ι,
542 1435 615 1479 16,
639 1434 699 1478 6,
733 1427 784 1466 de
813 1428 1033 1466 arboribus
1058 1429 1172 1480 Visg.
1199 1428 1554 1481 Georg.II,11.‚
1587 1443 1666 1468 neo

194 1502 310 1536 non,
345 1497 392 1524 ut
423 1500 498 1540 par
531 1496 617 1535 est,
652 1484 702 1524 de
736 1484 840 1536 ipsis
868 1484 1139 1534 hominibus,
1174 1483 1430 1522 adhibitum.
1491 1485 1554 1522 Ea
1585 1499 1669 1523 au·-

193 1554 278 1583 tem
299 1543 488 1591 ratione,
522 1557 644 1595 quam
677 1540 790 1590 dixi,
824 1555 909 1579 non
938 1544 1074 1579 solum
1104 1542 1235 1582 ἐλθεῖν
1257 1541 1426 1590 Nostro,
1459 1541 1667 1593 imprimis

194 1600 239 1638 in
266 1600 397 1638 Dian.
419 1600 600 1647 Mortt.,
635 1597 864 1643 familiare3
899 1598 954 1636 cf.
979 1597 1104 1635 etiam
1124 1596 1445 1647 προελεύσονται,
1479 1611 1501 1635 a
1522 1598 1669 1636 Pluto-

192 1670 247 1695 ne
270 1655 431 1693 dictum
452 1655 589 1694 Dian.
614 1655 767 1693 Mortt.
789 1653 876 1700 VI,
900 1662 1006 1692 extr.
1039 1651 1113 1690 sed
1139 1654 1265 1691 etiams
1282 1650 1397 1706 ἥκειν
1420 1654 1574 1705 passim
1597 1668 1667 1692 oc·

192 1712 352 1762 currit,
385 1721 434 1750 ut
460 1712 506 1750 in
535 1709 685 1749 iisdem
715 1710 852 1748 Diall.
886 1710 948 1760 V,
973 1714 1014 1752 2.
1043 1719 1086 1748 et
1115 1709 1202 1761 IX,
1222 1710 1279 1750 in.
1308 1719 1351 1749 et
1374 1709 1489 1748 infra
1508 1724 1598 1763 cap.
1622 1714 1662 1754 8.

190 1768 351 1809 ermu.

306 1824 458 1866 Eacz.1.
488 1830 555 1867 10.
581 1819 744 1875 Ἰατρόν
772 1845 829 1855 --
856 1826 936 1864 τῶν
963 1818 1286 1886 ἇμοιοτημᾷτων)
1317 1822 1389 1863 Sic
1414 1825 1557 1864 ἰᾶσθαι
1585 1836 1666 1875 pro

191 1882 381 1932 liberare,
414 1898 552 1921 sanare
582 1880 632 1919 ab
663 1896 815 1930 errore,
845 1880 986 1919 Noster
1020 1879 1121 1918 infr.
1153 1879 1199 1916 in
1224 1879 1373 1927 Gallo,
1408 1893 1441 1920 c
1467 1884 1533 1923 28.
1560 1875 1664 1933 Ἕγω

191 1953 234 1980 σε
265 1937 448 2005 ἰάσομαι,
483 1939 513 1979 ὠ
549 1939 747 1979 Μίκυλλε.
810 1937 868 1974 Et
902 1935 1046 1991 Fugit.
1075 1950 1109 1977 e.
1133 1938 1174 1980 5.
1196 1933 1284 1977 “Hv
1314 1932 1444 1990 μόνην
1469 1933 1667 1978 ἰάσασθαι

191 1993 244 2037 ἂν
269 1993 316 2036 τὰ
339 1991 550 2048 γιγνόμενα
570 1993 693 2047 οἶμαι.
725 1995 889 2034 ΒΕῙΤΖ,

304 2051 408 2092 Eacl.
429 2055 455 2093 l.
476 2057 539 2094 11.
568 2047 902 2104 Αμαρτηματων)
932 2047 1106 2103 Anglic.
1125 2045 1382 2102 πραγμάτων.
1416 2048 1558 2088 minus
1574 2062 1666 2088 re-c-

188 2118 247 2149 te.
277 2108 455 2147 Bounn.
509 2105 824 2176 Αμαρτημάτων
844 2106 927 2145 ΟΧ.
951 2104 1058 2144 Cod
1081 2114 1122 2145 et
1144 2105 1255 2146 Edd.
1278 2120 1445 2155 omnes,
1478 2120 1556 2159 pro
1578 2119 1663 2159 quo

189 2165 235 2202 in
260 2165 308 2203 A.
332 2166 374 2203 P.
399 2174 439 2203 et
462 2165 518 2205 L.
539 2161 796 2218 πραγμάτων.
846 2161 973 2215 Quod
995 2172 1133 2201 autem
1160 2161 1232 2200 hic
1255 2161 1304 2200 de
1328 2162 1519 2214 Cynico,
1550 2161 1663 2200 idem

188 2221 301 2274 apud
325 2223 550 2275 Diogenem.
574 2221 709 2260 Βοιὼ-,ι
733 2219 783 2258 de
804 2217 1061 2258 Menedemo
1088 2218 1212 2258 etiam
1237 2217 1406 2270 Cynico
1425 2233 1466 2271 p.
1492 2223 1585 2261 162.
1606 2217 1658 2255 Ε.

187 2277 480 2330 praedicatur,
516 2277 590 2331 qui
611 2276 765 2315 Furiae
794 2275 943 2313 habitu
978 2273 1256 2314 obambulans
1276 2273 1413 2341 ajebat
1437 2288 1480 2313 se
1504 2286 1664 2326 pecca-

187 2343 329 2372 torum
372 2344 651 2386 spectatorem
688 2347 740 2372 ex
778 2331 930 2371 inferis
965 2329 1191 2372 advenire:
1236 2327 1418 2385 ε’ριννύος
1448 2328 1662 2398 ἀναλαβών

189 2395 318 2443 σχῆμα
336 2388 509 2458 περιῄει,
540 2391 663 2457 λέγων
686 2389 902 2436 ἐπίσκοπος
920 2384 1092 2440 ἀφῖχθαι
1124 2389 1161 2437 ἐξ
1190 2385 1293 2444 ᾅδου
1324 2391 1402 2429 τῶν
1435 2383 1662 2439 ἆμαοτανο-

187 2447 341 2500 μένων,
373 2445 483 2496 ὅπως
513 2444 635 2490 πάλιν
658 2444 808 2488 κατιών
838 2449 931 2487 ταῦτ,
929 2462 961 2486 α
991 2430 1208 2502 ἄπαγγέλοι
1237 2449 1321 2492 τοῖς
1346 2445 1431 2485 ἐκεῖ
1456 2445 1657 2496 δαίμοσιν.

185 2503 356 2543 SOLAN.

298 2559 397 2613 Pag·
426 2564 521 2604 199.
544 2563 574 2600 l.
598 2565 641 2605 2.
673 2557 981 2613 Μεγαπένθης)
1009 2559 1081 2597 De
1098 2556 1183 2597 hoc
1201 2554 1494 2610 Megapenthe
1510 2564 1658 2608 tyran-

181 2627 243 2654 no
263 2615 376 2654 nihil
391 2631 457 2656 me
477 2630 667 2670 unquam
685 2615 839 2670 legisse
857 2614 1050 2663 memini,
1081 2623 1124 2653 et
1145 2612 1261 2662 alibi,
1296 2610 1437 2664 credo,
1468 2625 1558 2650 non
1579 2610 1657 2649 in-

182 2671 356 2710 venitm
387 2673 550 2712 mentio
589 2673 640 2713 de
673 2685 723 2712 eo
756 2672 881 2713 facta.
941 2671 1011 2710 Ex
1044 2669 1220 2709 nomine
1251 2666 1423 2707 videtur
1447 2668 1658 2717 Graecus;

185 2741 241 2768 ex
261 2727 315 2768 iis
339 2741 439 2770 veto
454 2760 467 2779 ‚
505 2742 614 2784 quae
635 2728 750 2770 infxa
773 2726 903 2776 dicit,
935 2729 977 2780 ἐς
1000 2730 1193 2780 τοςοῦτον
1216 2726 1427 2780 ἐπιβιῶναι
1448 2725 1581 2781 μέχρις
1606 2719 1659 2765 ἂν
