1781 3174
309 198 360 230 IN
397 197 538 228 APOL.
575 195 672 228 mio
709 195 862 228 LAPsu
899 198 952 228 m
990 195 1293 230 SALUTANno.
1433 189 1531 235 729

71 299 218 337 harum
239 296 411 338 ἐντολῶν
435 308 590 334 nomen
614 304 701 346 est,
732 295 976 348 plenissime
1005 295 1094 350 egit
1117 295 1293 338 Brisson.
1329 296 1378 338 de
1409 299 1532 337 form.

71 362 118 406 3,
145 358 212 398 84.
245 351 318 390 ubi
340 366 477 406 neque
495 351 608 390 hunc
633 354 772 390 locum
794 352 1088 404 praetermisit.
1121 353 1256 396 GESN.

186 413 280 463 Pag.
316 411 466 453 314.1.
499 413 538 451 2.
581 406 780 462 Ποῶτον)
826 407 1044 462 Quaenam
1080 424 1127 448 ea
1158 411 1339 449 formula
1373 412 1528 462 fuerit,

73 481 196 521 quam
226 465 298 504 hic
331 464 490 518 tangit,
524 465 682 504 nescio.
741 464 794 502 In
826 463 910 502 fine
942 465 1214 518 epistolarum
1243 467 1414 521 quidem
1444 469 1534 508 fre-

72 532 251 577 quenter
282 520 543 560 valetudinem
574 537 710 561 cur-me
739 520 964 585 jubebant3
1006 522 1105 562 vide
1139 523 1262 562 etiam
1293 524 1535 589 Imperato-

72 583 175 619 riam
204 578 429 631 epistolam
463 576 575 630 apud
594 577 908 618 Philosir'atum
898 592 942 615 ln
965 578 1157 630 Herode,
1189 594 1231 633 p.
1255 583 1351 625 560.
1372 581 1416 618 in
1451 595 1532 634 qua

72 636 176 676 haec
200 634 328 673 verba
355 637 580 688 leguntur:
614 633 656 675 σὲ
678 634 718 676 δὲ
745 631 941 689 υγιαίνειν
972 651 1012 676 τε
1042 633 1220 689 εὔχομαι.
1281 636 1362 677 Sed
1395 651 1533 692 neque

72 693 155 732 hoc
186 690 446 744 principium
481 691 710 743 epistolae,
763 704 901 743 neque
932 692 1106 731 omnino
1135 693 1317 732 formula
1348 693 1420 732 hic
1448 705 1532 743 est,

73 763 165 788 cum
186 746 238 785 de
257 746 541 787 valetudine'
530 762 574 785 m
602 746 950 787 antecedentibus
980 761 1116 788 sermo
1148 749 1293 789 fuerit.
1352 750 1418 788 Ab
1442 765 1535 789 eru-

73 803 285 843 ditissimo
313 802 498 854 Gracvio,
531 817 616 857 quo
641 818 764 843 nemo
795 802 943 841 harum
970 818 1106 844 rerum
1127 805 1327 858 peritior,
1362 806 1459 845 dum
1489 807 1533 844 in

71 861 184 901 vivis
203 869 313 910 erat,
345 859 461 898 hunc
483 863 624 899 locum
649 859 773 899 doleo
796 873 882 898 non
910 860 1045 900 fuisse
1064 861 1333 901 illustratum.
1395 864 1534 901 Aliam

72 929 248 971 eamque
265 915 432 955 solitam
454 917 676 955 formulam
699 915 797 956 vide
815 915 927 969 apud
944 917 1142 970 Xiphilin.
1165 917 1211 956 in
1231 917 1421 958 Adriano
1439 924 1533 963 264.

71 975 125 1014 A.
149 983 191 1013 et
212 983 434 1012 sexcentos
455 973 580 1012 alios.
622 973 668 1012 Si
684 972 810 1022 mles,
857 972 946 1011 bene
963 983 1017 1012 est
1036 984 1114 1016 etc,
1154 973 1207 1013 ad
1242 989 1364 1028 quarn
1394 990 1536 1028 respe-

70 1032 185 1069 xisse
202 1028 427 1068 Lucianum
448 1027 587 1069 credo.
619 1028 790 1070 SOLAN.
857 1028 911 1068 W
908 1029 1101 1070 ielandius
1122 1040 1265 1084 putat,
1296 1015 1533 1081 Lucianltm,

70 1096 224 1140 utpote
254 1085 472 1124 literarum
509 1086 872 1139 formularumque
901 1084 1182 1151 Latinarum,
1234 1098 1331 1127 ante
1362 1087 1535 1142 quidem

73 1158 197 1196 quam
214 1141 495 1206 'Imperatoris
525 1152 656 1181 castla
685 1151 952 1195 sequeretur,
995 1144 1134 1182 minus
1165 1145 1372 1196 peritum,
1415 1159 1537 1183 com-

72 1197 293 1238 miscuisse
317 1197 405 1236 h.1.
430 1199 704 1251 epistolarum
729 1198 856 1237 initia
886 1197 959 1247 (Si
980 1199 1104 1249 tales,
1139 1198 1229 1238 benc
1251 1202 1333 1253 est)
1369 1211 1411 1239 et
1432 1200 1534 1239 fines

70 1255 204 1311 (Cura
225 1253 483 1294 valetudinem
504 1266 626 1295 tuam.
642 1256 672 1319 )·
704 1254 860 1294 Verum
880 1269 967 1294 non
991 1258 1166 1295 omnino
1190 1255 1240 1295 de
1260 1257 1411 1310 quovis
1436 1257 1536 1310 epi—

73 1315 275 1352 stolarum
299 1325 451 1365 genere
475 1311 515 1350 h.
537 1314 567 1351 1.
601 1311 765 1365 agitur,
801 1310 897 1362 sed,
930 1312 1044 1364 quod
1077 1312 1184 1352 bene
1205 1312 1422 1353 Mamilius
1455 1312 1537 1352 ob-

74 1377 237 1418 servat,
254 1366 305 1407 de
331 1367 626 1407 mandatorum
624 1384 754 1421 zmper
756 1369 969 1407 atomorum
988 1368 1150 1418 libellis,
1173 1369 1244 1420 (τα
1264 1373 1344 1410 τῶν
1367 1371 1537 1412 ἐντολῶν

71 1427 225 1480 Βιβλία,
258 1442 283 1465 α
307 1420 365 1466 ἀεὶ
384 1422 494 1478 παρὰ
514 1425 706 1477 βασιλέως
729 1421 973 1477 λαμβάνετε,
1004 1425 1132 1463 verba
1162 1436 1300 1465 autem
1326 1426 1438 1465 forte
1474 1427 1536 1464 fa-

75 1483 132 1520 cit
151 1480 201 1519 ad
222 1480 472 1534 provinciae
491 1480 634 1520 nescio
658 1483 777 1532 cujus
800 1482 865 1519 vel
886 1481 1213 1531 P1oconsu1em
1246 1485 1315 1522 vel
1333 1483 1538 1522 Procura-

74 1549 233 1584 torem,
264 1535 504 1585 Sabinum)
535 1536 611 1590 qui
643 1536 780 1576 libelli
807 1547 895 1575 tum
923 1538 1126 1590 temporis
1155 1539 1332 1577 omnino
1367 1538 1537 1593 quidem

74 1594 346 1647 epistolarum
369 1593 506 1632 forma
526 1592 669 1631 induti
697 1607 746 1632 eo
776 1607 876 1632 vero
908 1607 930 1631 a
961 1593 1204 1647 vulgaribus
1241 1595 1434 1647 epistolis
1464 1595 1539 1632 ali-

75 1660 277 1715 luantum
299 1648 515 1687 distulisse
539 1648 761 1695 videntur,
797 1648 912 1702 quod
947 1649 1135 1689 hortatio
1157 1651 1232 1688 illa
1254 1650 1305 1689 ad
1329 1650 1539 1690 valetudi-

36 1720 38 1722 ’
78 1707 140 1744 nis
170 1719 312 1744 curam
341 1706 484 1744 statim
517 1719 538 1744 a
566 1704 782 1758 principio
812 1720 956 1744 eorum
965 1716 1220 1771 poneretur.
1280 1706 1414 1761 quue
1438 1722 1540 1760 pro-

79 1763 262 1800 habilius
279 1791 289 1809 ,
324 1762 501 1814 opinor,
533 1762 756 1811 statuitur,
788 1776 911 1816 quam
940 1762 975 1800 si
998 1762 1042 1799 in
1064 1763 1167 1801 novi
1190 1763 1355 1817 peccati
1380 1764 1538 1803 crimen

80 1819 299 1858 Lucianum
318 1828 509 1857 nostrum
534 1817 740 1871 impedire
764 1821 980 1858 vellemus
1013 1819 1171 1860 Lnnm.

191 1896 296 1938 Ibid.
320 1895 606 1953 Παράγγελμα)
633 1894 795 1952 ’Τγείας
812 1901 882 1949 τῆς
899 1892 1090 1950 ’ὑμετέρας
1110 1893 1244 1940 αὐτῶν
1261 1901 1542 1953 ἐπιμελεῖσθαι.

82 1957 279 1994 Formula
302 1954 374 1993 illa
397 1955 506 2004 fuit,
546 1953 821 1993 Valetudinem
844 1965 952 1992 tuam
977 1970 1070 1993 cura
1103 1954 1328 2008 diligenter,
1362 1966 1457 2004 aut,
1493 1956 1544 1994 (la

83 2027 260 2065 operam,
292 2022 334 2049 ut
351 2010 508 2059 υαῖσαε,
543 2021 636 2059 aut,
655 2010 759 2066 sac,
792 2021 832 2048 ut
853 2009 1110 2049 valetudinem
1133 2028 1254 2053 cures.
1316 2012 1435 2066 Quae
1457 2013 1544 2051 for·

88 2071 197 2105 mula
220 2067 263 2103 in
289 2067 355 2106 M.
382 2066 509 2105 Tullii
530 2067 724 2119 epistolis
745 2065 795 2105 ad
826 2067 1068 2105 Te1eutiam
1087 2082 1276 2110 uxorem.
1335 2068 1417 2110 Sed
1449 2069 1547 2106 illae

88 2125 130 2161 iu
167 2123 362 2176 epistolis
394 2124 613 2174 extremis
664 2123 708 2160 in
741 2122 1031 2161 mandatmum
1067 2138 1166 2163 vero
1192 2125 1349 2164 libellis
1384 2125 1546 2178 primis

81 2177 284 2221 Ἐντολων
303 2193 404 2218 vero
426 2182 581 2233 βιβλίον
603 2193 691 2219 esse
709 2179 1002 2217 mandatorum
1020 2179 1221 2231 libellum,
1246 2195 1367 2234 quem
1390 2196 1410 2219 a
1436 2181 1550 2234 prin-

89 2237 184 2288 cipe
207 2235 475 2288 accipiebant
496 2235 707 2289 praesides
730 2245 769 2274 et
794 2249 982 2286 procoss.
1005 2246 1046 2276 et
1065 2236 1224 2286 ἐντολὰς
1252 2239 1447 2292 βασιλέων
1463 2250 1552 2276 esse

91 2290 286 2330 mandata
309 2292 574 2345 principum,
607 2301 726 2345 patet
750 2293 893 2331 Dionis
917 2291 1026 2331 libro
1050 2294 1174 2335 LIII
1205 2296 1415 2335 MAncrL.

208 2358 358 2401 Eacl.1.
382 2365 421 2404 3.
456 2357 581 2401 Μάλα
608 2356 791 2408 εἰκότως)
835 2359 903 2398 Sic
937 2358 1059 2401 editt.
1093 2361 1209 2426 quod
1238 2362 1425 2402 servavi.
1458 2376 1555 2400 nam

96 2415 384 2470 apostrophus
406 2417 565 2457 centies
587 2416 842 2484 negligitur,
874 2415 962 2456 vid.
980 2431 1103 2470 supra
1126 2419 1169 2456 in
1193 2419 1320 2472 Apol.
1341 2433 1417 2472 pro
1440 2419 1556 2459 Mer-

95 2471 187 2513 ced
211 2487 242 2513 c.
266 2478 332 2516 11.
362 2470 435 2514 ὑπ’
456 2470 646 2529 ἀπορίας,
679 2482 721 2513 et
739 2469 817 2515 ὑπὸ
838 2470 1018 2527 ἀπορίας.
1050 2474 1213 2515 RmTz.

213 2551 312 2593 Ead.
336 2555 362 2590 l.
390 2557 429 2596 6
467 2558 531 2594 T&
548 2558 619 2606 τῆς
638 2551 772 2606 υγείας
793 2549 854 2593 ὂν.
871 2557 958 2594 πολ.
990 2547 1116 2607 ἆμείβ.
1131 2557 1151 2603 )
1182 2555 1380 2594 Formula
1401 2563 1487 2601 est,
1519 2565 1561 2593 ut

100 2603 236 2649 vales?
266 2618 314 2647 ut
332 2608 467 2649 Plauti
486 2597 597 2650 llud.
617 2609 683 2650 Sc.
696 2613 761 2652 29.
792 2609 843 2647 M
847 2622 1000 2646 meir.
1060 2611 1254 2663 Respicit
1274 2611 1345 2650 hic
1366 2613 1560 2665 vulgares

103 2668 390 2705 Romanorum
412 2665 624 2706 salutandi
644 2664 992 2716 s·01mulas,apud
1013 2680 1118 2718 quos
1142 2676 1278 2706 tamen
1302 2667 1413 2706 haud
1435 2677 1561 2706 teme-

104 2738 147 2762 le
171 2721 279 2763 illud
298 2721 412 2762 vale
402 2737 446 2763 m
471 2738 647 2764 occuzsu
681 2731 929 2776 usurpatum
962 2722 1170 2764 invenies.
1232 2723 1417 2774 Notum,
1450 2721 1565 2764 Salac
