1781 3174
198 201 300 250 498
546 208 1308 243 AnNo‘rA‘rroNEs

198 309 410 366 Lamprid.
437 309 482 348 in
509 305 745 349 Commodo
764 305 845 347 IX.
908 305 1038 345 Sacra
1072 306 1192 348 Isidis
1220 307 1367 358 coluit,
1413 320 1455 348 ut
1486 319 1521 349 et
1552 320 1670 363 caput

201 368 352 409 raderet
371 377 407 406 et
424 365 592 405 Anubin
606 374 795 418 portaret.
827 361 878 402 V.
904 361 1073 404 Casaub.
1096 374 1186 404 not.
1199 365 1448 406 Minuc.Fel.
1461 375 1503 406 et
1513 365 1668 407 Herod.

201 427 247 465 iu
266 426 472 476 Euterpe,
495 424 536 464 οἱ
553 421 674 472 ἱερέες
693 424 773 461 τῶν
789 423 899 460 θεῶν
918 423 969 474 τῇ
983 421 1053 472 μὲν
1072 420 1167 477 ἄλλῃ
1191 423 1397 474 κομέουσι,
1418 423 1461 464 ἐν
1480 420 1673 477 Αἰγύπτῳ

200 483 245 526 δὲ
263 485 486 535 ξυρεῦνται.
517 477 621 517 Plin.
644 476 769 515 etiam
794 476 914 515 VIII.
946 477 1114 517 SOLAN.
1173 477 1509 531 BionAEpitaph.
1529 479 1670 519 Adon.

200 554 241 580 v,
266 544 333 583 81.
356 536 492 588 Eurip.
512 534 660 587 suppl.
682 548 721 574 v.
744 537 840 577 973.
864 546 924 586 sq.
948 533 1069 575 Hom.
1092 533 1215 573 Iliad.
1239 536 1302 585 X,
1331 539 1394 580 15.
1419 535 1575 588 Odyss.
1595 535 1673 586 IV,

204 599 298 640 198.
331 593 522 632 Omnino
545 590 636 631 vid.
658 588 923 630 Kirclcmann.
947 589 997 629 de
1017 591 1222 632 Funerib.
1244 594 1296 632 L.
1321 593 1380 632 ΙΙ.
1406 607 1496 646 cap.
1523 598 1587 637 13.
1608 597 1673 635 14.

201 653 360 691 Lmnvr.

317 702 421 757 Eud.
442 706 475 748 l.
502 707 568 747 12.
607 700 737 745 Ψιλὸν
765 725 820 733 —-
849 699 893 744 τό
922 703 1101 756 πένθος)
1131 704 1255 742 Dura
1289 705 1465 744 omnino
1498 704 1677 759 phrasis.

204 762 318 805 ‘Vide
341 776 393 800 an
420 759 603 799 arrideat
624 759 716 801 Par.
739 768 780 797 et
804 758 907 799 edit.
935 759 972 801 J,
995 761 1219 813 scriptura,
1243 758 1405 813 «ὑψηλὸν
1428 762 1679 814 legentium.
1708 787 1714 794 ·

206 822 376 861 SoLANss
436 816 624 856 Jacobsio
648 830 816 870 quoque
847 817 891 853 in
918 815 1103 867 Animm.
1133 817 1306 856 crimin
1333 813 1567 856 Callistrati
1591 827 1680 856 sta-

208 888 302 916 tuas
327 884 369 913 et
389 872 745 912 Philostratorum
767 872 973 925 imagines
995 887 1035 926 p.
1061 877 1123 915 14.
1156 873 1330 912 minime
1355 873 1529 913 ferenda
1560 873 1679 913 vide-

207 943 277 972 tur
298 932 471 985 vulgata
489 929 644 979 lectio,
678 928 839 983 quippe
867 939 957 967 rato
995 943 1084 967 eam
1112 932 1210 968 mire
1237 932 1408 983 ineptam
1437 945 1525 969 esse
1554 933 1682 969 locu-

208 990 385 1030 tionem.
446 984 657 1025 Emendat
679 985 844 1038 itaque:
876 986 942 1026 καὶ
964 983 1151 1038 ψιλότητι
1166 991 1237 1037 τῆς
1257 991 1435 1039 κεφαλῆς
1453 986 1496 1028 τὸ
1524 987 1680 1035 πένθος

207 1045 450 1093 ἐπεδείξατο.
483 1052 526 1081 et
549 1041 702 1080 vertit:
736 1057 846 1080 nemo
867 1058 1020 1081 comam
1038 1043 1320 1099 tantifi’cerit,
1351 1046 1446 1097 quin
1475 1059 1560 1082 eam
1585 1054 1684 1081 ion—

210 1101 324 1149 (leat,
357 1101 576 1153 capitisque
605 1097 763 1137 calvitie
784 1097 932 1137 luctum
956 1101 1058 1152 signi
1082 1101 1161 1138 ret.
1221 1100 1382 1139 Contra
1417 1110 1501 1137 tam
1531 1113 1680 1153 graves

209 1168 253 1199 et
274 1160 490 1211 elegantes
512 1154 686 1208 linguae
706 1153 905 1194 classicae
928 1170 1122 1194 censores
1153 1156 1248 1209 quis
1274 1157 1386 1194 ausit
1415 1158 1497 1209 jain
1530 1155 1688 1194 defen-

211 1212 392 1254 dendam
411 1211 625 1263 suscipere
646 1210 893 1264 vulgatam?
927 1211 1046 1250 Mihi
1067 1225 1166 1250 vero
1188 1212 1342 1250 audere
1360 1212 1500 1252 liceat.
1560 1213 1684 1262 Rem,

215 1283 343 1324 quam
370 1268 516 1308 innuit
546 1276 709 1311 auctor,
736 1266 1045 1319 ineptissimam
1069 1278 1110 1307 et
1133 1267 1454 1307 stolidissimam
1479 1282 1582 1317 esse,
1605 1267 1690 1314 hoc

213 1324 386 1380 quidem
406 1323 534 1363 facile
559 1323 746 1362 Jacobsio
769 1324 948 1377 largiar;
984 1339 1068 1362 non
1092 1323 1214 1373 item,
1250 1324 1366 1377 quod
1394 1324 1445 1364 de
1464 1325 1689 1364 locutione

213 1382 325 1421 idem
347 1378 593 1428 contendit,
627 1393 750 1432 quam
778 1378 974 1431 equidem
1006 1380 1266 1432 aptissimam
1301 1381 1448 1433 judico
1479 1380 1530 1419 ad
1560 1381 1688 1432 inep-

214 1439 317 1478 tiam
343 1437 522 1476 istorum
542 1434 765 1473 hominum
787 1434 1078 1474 illustrandam
1096 1468 1107 1486 ‚
1141 1437 1216 1489 qui
1247 1436 1437 1476 detonsis
1474 1436 1688 1490 capitibus

213 1497 361 1548 lugere
403 1491 542 1531 videri
574 1493 763 1532 volunt..
805 1491 958 1541 Hunc,
1001 1506 1121 1546 quem
1155 1507 1256 1545 prae
1287 1507 1330 1532 se
1359 1494 1527 1542 ferunt,
1561 1506 1688 1545 quem

215 1558 462 1599 ostentant,
495 1545 842 1599 (ἐπιδείκνυνται)
873 1550 1064 1598 luctum,
1108 1550 1270 1588 comica
1307 1563 1407 1588 usus
1436 1551 1688 1594 locutione,

216 1620 341 1660 quem
376 1608 561 1645 colorem
596 1613 712 1642 totus
744 1607 864 1642 locus
892 1604 1059 1654 induit,
1091 1604 1212 1658 ψιλὸν
1235 1605 1367 1651 dicit,
1399 1605 1426 1646 i,
1449 1620 1482 1646 e,
1508 1605 1692 1653 calvum,

214 1660 365 1702 nudum
380 1664 567 1708 luctum,
600 1661 696 1699 eine
715 1659 866 1708 kahle,
899 1659 1074 1711 wichte,
1107 1664 1282 1701 Trauer.
1345 1661 1461 1715 Quid
1485 1661 1568 1700 hoc
1589 1659 1687 1699 est?

218 1716 349 1772 Quod
369 1718 406 1756 si
431 1731 516 1755 rem
537 1726 699 1769 spectes
714 1747 725 1766 ,
757 1718 1063 1755 commentario
1089 1719 1169 1756 erit
1188 1717 1325 1757 libelli
1354 1718 1404 1757 de
1425 1719 1568 1756 Luctu
1598 1717 1691 1754 ini-

215 1777 347 1823 tium,
379 1773 456 1811 ubi
479 1772 655 1811 omnino
680 1773 980 1826 perstringitur
1012 1774 1249 1826 lugentium
1279 1777 1459 1827 vulgus,
1493 1773 1568 1826 qui
1599 1787 1688 1811 non

217 1833 328 1869 clare
349 1829 555 1880 scientes,
587 1837 727 1866 utrum
747 1844 815 1875 ea,
851 1843 960 1881 quae
982 1831 1156 1883 lugent,
1187 1840 1340 1869 eventa
1360 1845 1456 1869 vere
1478 1832 1585 1867 mala
1604 1830 1691 1867 sint

216 1896 260 1926 et
290 1885 498 1940 lugenda,
540 1899 699 1934 necne,
732 1886 840 1923 mori
874 1894 1038 1923 tantum
1072 1889 1278 1939 majorum
1309 1897 1352 1924 et
1381 1884 1691 1925 consuetudini

216 1942 510 1995 obsequantur
527 1939 661 1994 (νόμῳ
680 1943 747 1982 καὶ
768 1943 967 1997 συνηθείᾳ
986 1940 1059 1993 τὴν
1078 1941 1210 1996 λύπην
1229 1943 1539 1995 ἐπιτρέποντες).
1571 1942 1692 1979 Eun-

218 1997 312 2037 dem
338 2001 500 2036 luctum
536 1998 731 2050 ineptum
756 2012 895 2047 nunc,
931 2012 1059 2048 quum
1095 1998 1144 2037 de
1163 2000 1371 2053 singulari
1395 1998 1578 2052 quodam
1601 2000 1691 2050 ejus

215 2053 364 2108 signo,
406 2053 456 2093 de
492 2053 664 2093 calvitie
693 2055 861 2093 scilicet
890 2054 1110 2104 affectata,
1149 2055 1369 2109 loquitur,
1410 2054 1534 2106 ψιλὸν
1565 2061 1692 2093 vocat

215 2110 370 2164 ipsum,
403 2110 432 2150 i.
452 2125 488 2150 e.
511 2125 664 2149 vanum
687 2111 931 2156 etinanem,
962 2110 1141 2150 rationis
1166 2126 1214 2150 ac
1234 2111 1428 2150 veritatis
1448 2119 1687 2163 expertem3

216 2180 295 2206 nec
316 2181 416 2206 sane
451 2166 737 2219 importunam
767 2166 994 2219 imaginem
1027 2167 1273 2214 intrudens,
1309 2181 1436 2220 quum
1464 2181 1564 2204 usus
1600 2178 1688 2203 non

215 2233 439 2278 repugnet.
509 2221 613 2263 Ψιλᾶ
635 2223 746 2261 enim
769 2221 1062 2274 metaphorice
1082 2238 1208 2262 sensu
1227 2224 1364 2272 dicta,
1397 2233 1443 2260 ut
1465 2221 1573 2260 mula
1592 2222 1689 2261 Lat.

218 2278 393 2318 Graecis
414 2289 533 2318 erant
561 2278 728 2325 omnia,
764 2292 872 2332 quae
897 2290 1048 2317 vacant
1069 2280 1144 2330 iis,
1178 2294 1285 2332 quae
1305 2279 1398 2331 quis
1419 2282 1509 2331 jure
1533 2291 1610 2315 suo
1638 2275 1709 2331 ab·

216 2333 272 2372 iis
295 2344 510 2387 exspectet
529 2338 598 2375 vel
618 2344 753 2387 optet.
794 2336 859 2373 lta
884 2349 981 2387 ager
1000 2333 1142 2386 ψιλὸς,
1176 2336 1205 2373 i.
1225 2350 1258 2374 e.
1281 2349 1429 2387 expers
1449 2333 1709 2388 graminum„

218 2397 260 2429 et
289 2389 620 2430 frumentorum:
654 2392 714 2429 ita
745 2389 901 2429 milites
920 2393 1057 2443 ψιλοὶ,
1091 2395 1159 2430 vel
1186 2394 1311 2444 plane
1333 2405 1444 2440 non,
1475 2393 1543 2427 vel
1575 2389 1688 2427 levi-

217 2455 302 2493 ter,
336 2447 494 2489 armati.
554 2448 620 2486 Ita
649 2447 854 2494 Luciunus
877 2446 966 2499 ipse
989 2448 1218 2488 Anachars.
1254 2461 1341 2499 cap.
1368 2452 1431 2489 10.
1461 2455 1687 2499 postquam

217 2500 474 2541 Anacharsis
499 2504 706 2553 selinum,
737 2504 904 2556 apium,
939 2504 1111 2556 pinum,
1146 2514 1186 2543 et
1216 2502 1462 2555 hujusmodi
1496 2502 1577 2540 alia
1602 2515 1686 2540 cer.

217 2557 423 2596 taurinum
461 2560 645 2611 praemia
680 2560 880 2598 instituta
917 2560 970 2598 ob
1012 2561 1182 2598 nimiam
1215 2573 1360 2598 eorum
1393 2559 1611 2596 levitatem
1642 2567 1683 2595 et

218 2612 536 2665 simplicitatem
562 2625 832 2654 contemnere
858 2616 976 2653 visus
998 2626 1128 2665 esset,
1163 2618 1243 2667 jam
1274 2615 1476 2655 Solonem
1501 2626 1682 2665 respon-

218 2667 316 2708 dere
335 2668 478 2721 jubet:
505 2666 636 2722 Ἀλλ’,
669 2666 700 2712 ὦ
720 2670 874 2724 ἄριστε,
908 2669 984 2712 οὐκ
1008 2672 1048 2719 ἐς
1062 2669 1163 2723 ψιλοὶ
1181 2669 1228 2711 τά
1249 2671 1437 2724 διδόμενα
1454 2667 1565 2723 ἡμεῖς
1585 2667 1678 2709 ἀπο·

215 2725 413 2778 βλέπομεν
430 2736 438 2745 ·
468 2730 588 2768 ταῦτα
610 2726 682 2780 μὲν
705 2726 780 2782 γάρ
800 2728 879 2768 ἐστι
900 2733 1039 2781 σημεῖα
1058 2733 1129 2780 τῆς
1151 2731 1266 2780 νίκης
1283 2738 1362 2768 etc.
1395 2743 1471 2766 non
1493 2725 1600 2765 nuda
1615 2741 1673 2763 re·—
