1781 3174
241 183 339 234 458
632 194 1394 228 ADNo‘rA‘rroNEs

240 307 283 339 et
309 294 607 352 sequentibus,
639 308 726 333 non
752 293 836 332 nisi
869 293 914 332 in
936 293 1093 347 plurali
1127 294 1175 335 fit
1207 309 1367 347 sermo,
1400 309 1489 335 non
1518 294 1571 335 ad
1602 295 1709 336 duos

239 364 404 393 tantum
427 352 493 404 id,
528 350 644 405 quod
676 350 747 390 hio
772 349 955 403 dicitur,
985 350 1277 404 referendum,
1309 351 1382 392 sed
1405 351 1456 392 ad
1478 364 1620 393 omnes
1646 353 1710 391 il-

238 413 304 451 los
325 411 580 463 impotentes
599 416 642 445 et
661 406 846 445 tumidos
867 416 1068 446 terrarum
1093 407 1312 458 dominos,
1347 408 1397 449 de
1418 408 1571 462 quibus
1597 408 1708 448 Cha-

239 478 318 506 ron
345 476 387 505 et
411 463 653 504 Mercurius
687 473 784 503 ante
814 463 986 502 fuerant
1013 465 1173 512 locuti3
1221 465 1270 503 ad
1299 465 1502 505 Croesum
1535 479 1710 517 nempe,

242 524 428 575 Cyrum,
460 519 691 572 Tomyrin,
725 519 985 572 Cambysen,
1018 520 1299 572 Polycratem.
1361 522 1420 560 Hi
1438 531 1485 559 ut
1513 520 1565 560 ad
1586 522 1710 560 altis-

241 580 392 618 simum
415 575 676 616 adscendant
704 575 924 630 fastigium
942 606 952 626 ‚
984 586 1178 629 precatur
1212 577 1384 617 Charon
1407 578 1587 626 Clotho,
1621 591 1706 632 quo

239 635 434 673 miserius
456 642 627 685 postea,
661 642 701 671 et
720 635 841 685 lapsu
862 632 1056 685 graviore
1082 644 1222 673 ruant.
1285 634 1373 688 Qui
1395 643 1536 673 tamen
1560 637 1709 687 vulga-

238 702 323 730 tam
346 689 575 728 lectionem
596 688 705 727 velit
725 687 975 738 defendere,
1008 689 1145 742 possit
1166 690 1349 740 inferre,
1384 691 1611 729 Lucianum
1636 690 1708 728 hic

235 750 452 799 ποιητικῶς
484 745 549 783 uti
582 744 724 792 duali,
770 759 854 798 quo
890 745 1001 783 nihil
1031 745 1144 798 apud
1178 747 1394 786 Homerum
1423 746 1709 799 frequentius.

236 805 360 845 JENS.
423 802 676 841 Lectionem
697 802 897 851 optimam
920 803 1183 855 ἐπαιρέσθων,
1209 813 1359 855 utpote
1381 803 1583 851 Atticam,
1615 802 1709 840 fru-

236 872 321 899 stra
339 858 574 898 sollicitant
595 856 874 896 Boiu-(lelotius
892 868 933 896 et
953 858 1116 899 Jensius.
1150 859 1247 897 vid.
1269 860 1573 899 Diall.Mortt.
1595 858 1649 910 X,
1664 864 1708 903 2,

236 918 403 957 SOLAN.
463 915 574 953 Mox
596 912 881 968 ἀλγεινότεροι,
925 914 1038 966 quod
1066 924 1147 953 tres
1177 914 1297 957 codd,
1327 916 1480 954 Pariss.
1515 924 1557 954 et
1587 915 1707 955 Gorl.

233 987 312 1026 pro
347 967 624 1026 ἀλγεινότερον
655 970 878 1022 praebent,
920 980 959 1009 et
993 970 1262 1010 Sclwniederus
1293 972 1478 1023 recepit,
1511 970 1708 1009 insolen-

235 1034 322 1067 tius
345 1028 506 1066 dictum
529 1026 580 1066 de
612 1026 831 1079 personis,
867 1041 975 1079 quae
1009 1027 1156 1066 dolore
1185 1026 1453 1065 afficiuntur:
1493 1029 1622 1080 vulgo
1656 1026 1708 1065 de

233 1086 356 1125 rebus
382 1083 595 1133 occurrit,
630 1096 737 1135 quae
768 1082 955 1121 dolorem
990 1092 1156 1130 creant;
1193 1093 1232 1122 et
1257 1083 1299 1123 h.
1321 1087 1348 1122 1.
1382 1084 1589 1122 Neutrum
1625 1082 1708 1120 ad·-

233 1140 482 1181 verbialiter
504 1139 854 1192 intelligendum:
889 1139 1087 1189 creet-hius,
1117 1142 1296 1192 grat-ius,
1331 1139 1512 1179 decisuri.
1575 1137 1704 1192 Quod

235 1208 375 1237 autem
397 1205 562 1249 praeter
585 1193 851 1248 ἆλγεινὸτεροι
877 1195 1040 1234 Βεῖἰηιις
1072 1198 1197 1233 etiam
1226 1198 1475 1237 καταπέσωσι
1497 1196 1584 1249 legi
1611 1198 1706 1233 vult

232 1269 310 1308 pro
335 1252 697 1304 καταπεσούμενοι,
730 1252 1001 1290 vehementer
1025 1251 1297 1303 deprecamur
1324 1252 1433 1291 hanc
1461 1252 1702 1291 licentiam:

235 1308 291 1359 οἷς
319 1307 370 1350 ἂν
402 1333 453 1339 --
485 1306 828 1358 καταπεσούμενοι
852 1317 914 1345 est
944 1310 1085 1362 quippe
1113 1332 1170 1337 —-
1201 1308 1382 1348 decisuri.
1430 1307 1706 1361 quemadmo-

234 1368 331 1405 dum
359 1380 394 1406 C.
423 1371 460 1408 1.
494 1363 548 1413 ὥς
568 1363 617 1405 ἂν
637 1363 749 1411 εἰδώς
768 1364 943 1414 ἅπαντα,
977 1366 1117 1417 quippe
1142 1366 1211 1417 qui
1241 1376 1383 1404 cuncta.
1403 1367 1522 1404 noris.
1582 1365 1704 1402 Paul-

231 1427 275 1463 lo
301 1432 398 1475 post
417 1435 494 1475 pro
523 1424 662 1472 κλίνην
698 1420 806 1461 idem
830 1419 992 1459 Belims
1015 1419 1136 1472 fingit
1157 1425 1342 1472 χλαῖναν,
1390 1419 1502 1473 quod
1533 1420 1606 1458 alii
1630 1419 1706 1459 vi·-

234 1480 385 1527 deant,
420 1477 495 1526 qui
520 1478 735 1529 concoqui
757 1477 903 1528 possit.
966 1476 1124 1515 Scribit
1148 1486 1286 1515 autem
1311 1477 1497 1514 Criticus
1521 1477 1706 1515 Franco-

233 1539 390 1590 gallus:
425 1534 536 1587 Quel
559 1547 640 1586 que
659 1533 798 1571 soient
824 1536 863 1570 la
889 1531 1042 1570 liberte
1064 1541 1104 1571 et
1127 1535 1186 1570 les
1217 1533 1446 1585 privileges
1475 1532 1585 1572 dela
1608 1534 1705 1570 lan-

234 1606 314 1646 gue
340 1604 520 1643 grecque
545 1590 646 1627 dans
672 1592 730 1628 les
757 1589 1046 1640 metaphore5‚
1082 1591 1183 1627 celle
1210 1603 1290 1643 qule
1319 1590 1515 1637 presente
1545 1591 1583 1627 le
1605 1598 1704 1627 tex-

232 1658 287 1697 te,
320 1650 375 1685 tel
399 1646 502 1700 qu’il
526 1655 586 1684 est
603 1675 613 1691 ‚
648 1660 712 1683 me
738 1645 879 1696 paroit
901 1659 956 1681 un
983 1658 1066 1695 peu
1093 1645 1248 1683 forcee.
1310 1644 1523 1698 Equidem
1546 1647 1703 1683 nullam

232 1704 272 1744 h.
299 1707 324 1745 1,
343 1703 470 1742 video
491 1701 802 1754 metaphoram,
834 1699 988 1739 nedum
1011 1703 1134 1739 talem
1150 1731 1160 1749 ‚
1195 1704 1358 1754 qualem
1387 1701 1571 1739 somniat
1587 1700 1704 1740 Beli-

231 1777 316 1799 nus.
379 1761 505 1810 Κλίνη
524 1762 651 1810 χρυσῆ
675 1764 1026 1795 commemoratur
1047 1755 1238 1794 Charoui
1254 1788 1264 1806 ,
1299 1758 1397 1811 quia
1419 1755 1548 1795 modo
1574 1756 1702 1795 Croe-

231 1831 322 1854 sum
351 1815 516 1853 viderat
539 1815 601 1856 ἐπὶ
616 1816 754 1865 κλίνης
777 1817 928 1866 χρυσῆς
945 1810 1178 1865 καθήμενον
1198 1827 1232 1852 c.
1255 1818 1294 1856 9.
1354 1814 1484 1851 Hunc
1505 1826 1605 1851 vero
1626 1812 1703 1852 lec-

229 1884 311 1911 imn
337 1873 443 1924 (non
466 1882 670 1920 ornatum,
702 1879 750 1907 ut
773 1869 926 1908 Hemst.
951 1869 1249 1921 interpretatio
1272 1868 1420 1919 habet)
1443 1878 1570 1923 negat
1594 1868 1704 1908 Cha—

229 1941 307 1966 ron
341 1942 472 1980 aeque
491 1942 537 1964 ac
567 1927 694 1964 tiaras
718 1934 757 1964 et
785 1938 1017 1978 purpureas
1046 1934 1186 1964 vestes
1216 1940 1237 1963 a
1267 1925 1445 1964 mortuis
1467 1925 1512 1963 in
1544 1924 1702 1964 Orcum

231 1984 417 2022 adlatum
444 1983 511 2020 iri.
573 1982 672 2036 Quo
695 1981 798 2034 quid
826 1981 955 2034 magis
985 1981 1158 2033 proprie.
1189 1980 1275 2020 dici
1305 1981 1473 2034 possit?
1515 1980 1701 2020 Uberius

230 2039 341 2078 hanc
362 2039 578 2077 materiam
603 2047 755 2077 tractat
773 2048 901 2076 noster
920 2037 964 2074 in
984 2037 1117 2075 Diall.
1138 2038 1293 2077 Mortt.
1316 2038 1370 2075 X.
1393 2038 1447 2076 cf.
1472 2037 1530 2078 ῙῙ.
1575 2037 1699 2077 Cete-

230 2111 319 2135 rum
342 2111 438 2134 vere
458 2095 583 2134 etiam
607 2096 745 2146 κλίνην
779 2095 965 2146 aliquam
987 2093 1193 2132 Lucianus
1215 2108 1291 2147 pro
1320 2093 1526 2131 tribunali
1558 2093 1700 2132 infer-

229 2153 316 2190 nali
341 2166 542 2205 apparete
562 2152 687 2204 jussit
708 2150 833 2188 simul
855 2164 947 2187 cum
967 2152 1141 2189 lucerna
1170 2159 1367 2204 tanquam
1389 2158 1518 2188 testes
1536 2150 1698 2201 Mega—

228 2208 403 2260 pcnthis
425 2207 710 2260 flagitiorum,
745 2207 790 2244 in
815 2206 993 2258 Cataplo
1015 2220 1049 2244 c.
1074 2209 1141 2249 27.
1201 2206 1356 2246 Verum
1384 2204 1455 2243 hic
1477 2203 1528 2243 de
1550 2203 1697 2243 fictio-

228 2264 323 2314 nis,
358 2279 443 2303 non
475 2263 703 2313 dictionis,
735 2261 913 2301 audacia
947 2262 1186 2316 quaeritur:
1218 2271 1261 2302 et
1291 2261 1468 2301 omnino
1490 2260 1696 2300 Lucianus

227 2320 348 2372 prius
372 2320 487 2373 capi,
521 2334 644 2374 quam
663 2318 847 2373 judicari
869 2318 1082 2373 corrigive
1102 2321 1210 2358 vult.
1239 2318 1398 2358 LEHM.

340 2431 437 2485 Pag-
461 2435 529 2476 58.
557 2435 585 2473 l·
606 2438 647 2477 7·
666 2428 804 2474 ’Ίδιόν
823 2448 862 2474 τι
888 2449 927 2473 κ.
949 2432 977 2473 ἔ.
1007 2431 1075 2472 καὶ
1096 2428 1166 2472 τὸν
1188 2434 1252 2471 πλ.
1277 2429 1346 2480 κ.)
1390 2430 1490 2476 Huc
1522 2429 1694 2468 faciunt

227 2501 374 2527 versus
400 2488 573 2537 Lucilii,
608 2503 713 2543 quos
735 2489 974 2528 Lactantius
994 2486 1122 2526 habet
1149 2486 1256 2525 Inst.
1280 2485 1437 2526 Divin.
1461 2486 1511 2525 V.
1537 2500 1627 2539 cap.
1648 2489 1689 2529 9.

230 2543 384 2598 quibus
405 2559 540 2584 mores
552 2547 842 2584 Romanorum
867 2543 1165 2583 describuntur
1182 2556 1382 2595 perquam
1405 2541 1633 2596 graphice52

446 2601 563 2641 Nunc
584 2617 671 2640 vero
695 2617 721 2638 α
738 2617 851 2640 mane
869 2600 923 2638 ad
942 2609 1090 2639 noctem
1102 2627 1113 2645 ‚
1142 2597 1256 2654 fisso
1277 2608 1392 2651 atque
1404 2599 1577 2654 profesto
1590 2628 1603 2648 ,

452 2657 553 2695 Toto
573 2656 706 2696 itidem
722 2659 942 2711 pariterque
961 2656 1023 2695 die
1033 2655 1275 2709 populusque
1294 2654 1506 2708 Part-esque

449 2710 608 2751 horare
632 2712 895 2767 induforosc
913 2728 1064 2761 omnes,
1098 2710 1274 2750 decedere
1295 2726 1507 2765 nusquam,
