1781 3174
434 228 510 260 ιΝ
581 227 666 257 1)ss
736 225 1235 257 sAcn1F101is.
1468 213 1566 258 487

106 327 157 367 de
178 325 382 366 tribunali
406 325 446 366 ei
475 323 740 377 adjudicata,
768 323 843 363 sed
868 338 1023 364 merces
1047 333 1168 376 pacta
1192 321 1234 360 in
1263 335 1448 368 annum,
1478 320 1566 362 Ho-

104 401 195 423 mer.
217 383 268 424 Il.
293 397 331 425 v.
353 388 451 426 444.
511 383 624 436 Ergo
651 396 736 420 non
760 381 966 420 convenit
985 382 1029 419 in
1051 380 1091 418 h.
1115 383 1144 420 1.
1165 378 1327 431 ὄφλειν,
1358 377 1430 418 sed
1455 373 1568 431 ὀφεί-

103 445 205 490 λειν,
237 455 259 479 e
280 439 682 485 Grammaticorum,
717 438 890 491 inquam
905 468 916 487 ,
948 437 1088 476 verbis
1109 436 1143 474 si
1165 450 1228 474 res
1248 434 1475 488 judicetur.
1508 435 1568 474 At

105 511 191 535 non
222 495 370 542 verba,
407 494 477 534 sed
509 495 741 544 sententia,
786 493 1002 547 praecepti
1036 489 1361 531 consideranda.
1420 491 1569 530 Utras-

104 567 187 606 que
211 552 426 600 notiones,
452 565 555 604 quas
576 551 789 602 separavit
811 550 1191 589 Grammaticorum
1212 548 1442 595 subtilitas,
1462 561 1568 586 con-

101 607 244 661 junxit
266 622 366 645 usus
385 607 499 646 haud
529 622 645 657 raro,
676 617 723 645 ut
745 606 923 646 tenenda
947 607 1003 644 sit
1024 608 1135 658 ejus,
1171 603 1285 658 quod
1306 607 1463 656 justum
1487 613 1565 653 est,

102 664 330 718 cogitatio,
351 674 392 702 et
413 663 557 710 ὄφλειν
578 664 752 702 omnino
774 662 1052 702 reddendum:
1084 661 1229 701 solvere
1252 660 1385 699 debere
1402 674 1453 698 ex
1474 663 1566 712 jure

102 734 373 774 quocunque.
433 721 550 759 Hinc
579 720 650 758 illa
682 720 901 759 verborum
926 717 1067 771 ὅφλειν
1094 728 1135 757 et
1153 715 1331 768 ὀφείλειν
1349 726 1567 769 permuta-

101 778 188 827 tio,
221 779 340 825 cujus
367 788 478 815 certa
502 776 773 828 reperiuntur
795 775 1069 823 documenta,
1101 785 1148 812 ut
1169 773 1310 826 ὄφλειν
1326 775 1472 828 γέλωτα
1495 787 1562 825 ap.

97 832 324 887 Euripidem
359 834 608 888 aliquoties,
644 847 677 871 e.
701 847 733 874 c,
763 831 882 871 Med.
912 847 952 873 v-
973 837 1070 875 404.
1104 841 1145 870 et
1167 835 1288 874 1049.
1323 829 1490 883 (ὅφλειν
1518 830 1564 867 in

99 890 218 928 exitu
238 888 417 929 Jambici
449 890 633 937 senarii)
666 888 790 941 Apud
825 889 962 940 ipsum
985 899 1178 927 nostrum
1213 887 1375 940 ὄφλημα
1400 885 1564 924 dictum

96 960 174 999 pro
201 943 400 997 ὀφείλημα
420 946 552 988 Dian.
576 948 728 984 Mortt.
753 945 829 990 IV,
853 950 890 987 2.
953 944 1067 998 Quid
1093 942 1444 998 igiturimpedit‚
1478 955 1564 994 quo

94 1003 238 1040 minus
270 1011 310 1040 et
334 1002 372 1038 h.
399 1005 426 1042 1.
458 1000 702 1056 προςόφλειν
725 1002 930 1041 Lucianus
958 1002 1116 1039 dixisse
1141 999 1335 1040 credatur
1367 1014 1413 1037 ea
1437 1008 1566 1052 pote-

95 1067 224 1107 state,
256 1072 378 1112 quam
400 1060 612 1111 propriam
634 1058 762 1097 verbo
783 1061 1060 1112 προςοφείλειν
1082 1059 1234 1096 volunt
1255 1055 1566 1094 Grammaticae

95 1114 323 1153 doctores?
378 1116 622 1166 praesertim
653 1130 803 1167 quum,
838 1114 951 1153 unde
977 1118 1240 1167 προςῶφλεν,
1274 1112 1357 1150 nisi
1391 1111 1440 1149 ab
1471 1111 1563 1163 ipso

94 1181 291 1218 auctore,
325 1172 568 1222 profectum
593 1172 672 1220 sit,
707 1170 958 1219 difficulter,
992 1180 1165 1216 contra,
1197 1167 1312 1207 unde
1332 1165 1566 1220 προςώφει-

92 1231 159 1269 λεν
186 1227 396 1281 originem
419 1226 612 1277 duxerit,
646 1228 874 1266 clarissime
895 1227 1086 1282 intelligi
1111 1226 1259 1279 possit.
1293 1226 1450 1263 LEHM.

205 1316 310 1354 Eacl.
333 1319 361 1356 l.
389 1322 454 1360 13.
500 1318 599 1359 Καὶ
629 1314 758 1358 noh)
788 1313 985 1358 τούτων
1012 1313 1289 1369 ἱερώτερα]
1323 1312 1454 1367 Quod
1487 1313 1566 1351 Ja-

93 1373 247 1412 cobsias
277 1372 435 1410 alicubi
467 1376 560 1425 vult
589 1371 838 1426 μιαρώτεροι,
870 1373 983 1410 nihil
1008 1382 1092 1421 est,
1128 1372 1209 1408 nisi
1233 1376 1350 1409 lusus
1381 1369 1562 1422 ingenii.

95 1429 269 1482 Quippe
294 1443 379 1467 non
413 1429 546 1467 sensit
565 1430 644 1467 Vir
669 1430 924 1468 lectissimus
954 1439 1143 1468 tenorem
1167 1427 1295 1480 hujus
1315 1426 1402 1466 loci
1430 1425 1566 1464 ironi-

93 1500 209 1533 cum,
243 1500 319 1537 Per
339 1500 463 1538 quem
495 1488 547 1527 οἵ
576 1487 727 1538 σοφοὶ
761 1487 972 1538 (ποιηταὶ)
1005 1485 1208 1523 dicuntur
1230 1498 1315 1522 non
1340 1485 1474 1521 solum
1499 1495 1561 1530 ea,

94 1556 200 1596 quae
217 1540 343 1580 modo
367 1542 737 1594 enumerabantur‚
771 1548 1108 1596 σεμνολογεῖν
1139 1541 1229 1593 περὶ
1246 1543 1458 1588 τῶνθεῶν,
1488 1538 1561 1577 sed

93 1598 221 1636 etiam
255 1597 338 1636 alia
376 1598 477 1640 πολύ
519 1598 673 1640 τούτων
717 1598 904 1651 ἱερώτερα
941 1597 1196 1648 (sciliceti).
1284 1595 1373 1648 Qui
1403 1609 1559 1649 quaeso

91 1654 176 1692 huc
215 1665 423 1708 congruat
463 1652 706 1710 μιαρώτερας
765 1657 953 1695 Similem
990 1655 1035 1692 in
1065 1653 1238 1692 modum
1274 1653 1418 1691 Noster
1447 1651 1560 1689 infra

94 1724 181 1763 cap.
208 1715 270 1753 14.
308 1715 436 1752 Ταῦτα
460 1712 531 1763 μὲν
562 1714 660 1761 ἴσως
689 1713 824 1766 μέτρια
853 1736 910 1743 --
940 1734 992 1740 —-
1023 1708 1076 1763 ἢν
1100 1705 1138 1752 6⁷
1174 1711 1215 1757 ἐς
1248 1707 1322 1760 τήν
1350 1710 1578 1762 Αἴγυπτον*

91 1768 231 1822 ἔλθῃς,
261 1765 348 1808 τότε
377 1766 427 1819 δὴ
455 1767 542 1810 τότε
573 1767 670 1821 ὄψει
702 1766 829 1810 πολλὰ
859 1768 906 1810 τὰ
938 1766 1084 1821 σεμνὰ,
1115 1767 1181 1808 καὶ
1201 1761 1255 1813 ὦς
1285 1762 1450 1818 ἀληθῶς
1469 1762 1563 1814 ἄξια

90 1828 164 1866 τοῦ
185 1821 375 1876 οὐρανοῦ.
407 1825 565 1865 mex.

203 1901 300 1955 Pag.
323 1907 391 1946 78.
413 1905 441 1943 1.
459 1908 498 1945 4.
527 1901 604 1945 ’Ev
624 1900 766 1959 αὐτῷ)
799 1902 915 1956 Quid
937 1902 1020 1942 hoc
1041 1902 1108 1952 sit,
1130 1901 1322 1956 aperiant
1343 1899 1431 1939 alii.
1464 1899 1561 1938 Lu—

92 1960 250 1997 cianum
281 1972 367 1997 non
402 1974 602 2011 agnosco.
663 1960 897 2012 Scripserut
928 1956 991 2001 ἐπ’
1025 1957 1155 2014 αὐτῷ,
1187 1969 1235 1996 ut
1263 1972 1354 2009 cap.
1388 1955 1559 2005 ultimo,

92 2025 165 2051 aut
196 2013 312 2052 aliud
346 2015 470 2067 quid;
506 2027 618 2056 certe
649 2031 734 2054 non
759 2016 852 2056 hoc.
885 2016 1051 2054 SOLAN.
1114 2015 1195 2053 His
1220 2014 1323 2067 quid
1345 2012 1427 2051 sibi
1455 2011 1563 2050 velit

93 2069 285 2121 solanus,
317 2070 510 2124 equidem
533 2087 618 2110 non
641 2071 790 2120 video,
823 2073 1066 2124 praesertim
1089 2087 1218 2127 quum
1241 2068 1347 2108 illud
1370 2064 1429 2111 ἐπ’
1454 2064 1565 2123 αὐτῷ’

95 2127 138 2163 in
170 2141 259 2178 cap.
300 2128 453 2166 ultimo
486 2129 682 2167 invenire
715 2143 800 2166 non
831 2129 1060 2182 potuerim.
1119 2128 1302 2166 Videtur
1330 2140 1423 2164 eum
1458 2138 1560 2162 usus

92 2183 428 2235 praepositionis
459 2186 501 2226 ἐν
541 2183 791 2232 offendisse,
836 2199 929 2222 cum
962 2185 1088 2225 verbo
1122 2179 1342 2238 βασιλεύειν
1371 2185 1558 2235 junctae.

92 2239 248 2278 Verum
272 2243 469 2279 consulto
494 2240 603 2279 hanc
627 2241 760 2292 ipsam
781 2240 890 2278 viam
912 2241 1126 2293 ingressus
1149 2250 1209 2278 est
1231 2248 1392 2284 auctor,
1412 2247 1457 2274 ut
1479 2251 1562 2275 am-

92 2294 346 2348 biguitatem
371 2296 543 2335 dicendi
567 2297 742 2341 vitaret,
778 2310 884 2349 quae
908 2299 1115 2335 exstitura
1137 2297 1312 2343 fuisset,
1347 2293 1381 2332 si
1403 2290 1467 2336 ἐπ’
1489 2288 1562 2334 αὖ.

91 2356 171 2407 τῷ,
201 2355 266 2390 vel
292 2351 419 2394 αὐτοῦ
448 2353 650 2404 dixisset,
685 2353 888 2405 quoniam
911 2353 972 2390 sic
992 2352 1041 2393 de
1064 2367 1242 2405 persona
1263 2350 1398 2389 Urani
1419 2363 1561 2389 neces-

93 2408 204 2446 sario
228 2408 504 2462 cogitandum
536 2418 638 2449 erat.
699 2408 852 2461 Neque
878 2412 1096 2449 soloecum
1123 2408 1261 2447 videri
1290 2416 1430 2460 potest
1451 2409 1560 2460 βασι-

93 2462 218 2504 λεύειν
241 2466 282 2506 ἕν
304 2482 378 2506 τινι
397 2464 527 2522 χώρᾳ,
565 2480 693 2518 quum
718 2475 882 2504 constet
904 2463 1128 2519 βασιλεύειν
1149 2467 1189 2506 ἐν
1212 2465 1410 2517 Πέρσαις,
1444 2473 1486 2502 et
1506 2462 1559 2501 si-

93 2519 223 2560 milia.
287 2521 483 2561 Ceterum
512 2522 552 2560 h.
570 2525 598 2560 1.
622 2536 642 2559 a
668 2535 847 2572 persona
871 2522 991 2561 Coeli
1023 2522 1074 2560 ad
1105 2526 1245 2561 locum
1274 2519 1383 2559 coeli
1411 2534 1560 2571 repen·

92 2575 231 2613 tinum
256 2576 347 2614 fieri
369 2592 549 2631 eumque
567 2580 711 2630 paullo
734 2578 1000 2618 audaciorem
1027 2581 1198 2627 saltum,
1231 2576 1343 2615 haud
1363 2575 1558 2630 equidem

96 2630 307 2671 diffiteor:
339 2648 476 2686 neque
500 2645 637 2673 tamen
657 2645 805 2672 auctor
826 2634 903 2672 sim
918 2666 928 2682 ,
962 2645 1009 2673 ut
1029 2635 1130 2673 haec
1151 2642 1478 2688 quantacunque
1504 2635 1559 2669 la·

97 2687 247 2727 becula
284 2692 350 2728 vel
385 2693 582 2739 tollatur,
618 2693 683 2728 vel
709 2701 797 2731 arte
820 2690 964 2744 aliqua
995 2692 1195 2742 poliatur.
1257 2688 1433 2729 Ferebat
1458 2691 1560 2727 tales

99 2741 357 2800 μεταβάσεις,
391 2746 507 2800 quod
539 2748 650 2786 inter
673 2748 857 2787 Graecos
885 2749 1112 2801 pluiimum
1138 2745 1324 2796 valebat,
1356 2759 1561 2799 prosopo-
