<?xml version="1.0" encoding="UTF-8"?>
<!DOCTYPE html PUBLIC "-//W3C//DTD XHTML 1.0 Transitional//EN"
    "http://www.w3.org/TR/xhtml1/DTD/xhtml1-transitional.dtd">
<html xmlns="http://www.w3.org/1999/xhtml" xml:lang="en" lang="en">
 <head>
  <title>
</title>
<meta http-equiv="Content-Type" content="text/html;charset=utf-8" />
  <meta name='ocr-system' content='tesseract 3.04.00' />
  <meta name='ocr-capabilities' content='ocr_page ocr_carea ocr_par ocr_line ocrx_word'/>
</head>
<body>
  <div class='ocr_page' id='page_1' title='image "./operagraeceetlat03luciuoft_0564.png"; bbox 0 0 1781 3174; ppageno 0'>
   <div class='ocr_carea' id='block_1_1' title="bbox 228 204 1370 252">
    <p class='ocr_par' dir='ltr' id='par_1_1' title="bbox 228 204 1370 252">
     <span class='ocr_line' id='line_1_1' title="bbox 228 204 1370 252; baseline -0.01 0"><span class='ocrx_word' id='word_1_1' title='bbox 228 204 328 252; x_wconf 74' lang='lat'>526</span> <span class='ocrx_word' id='word_1_2' title='bbox 585 209 1370 245; x_wconf 67' lang='lat' dir='ltr'>ADNOTA&#39;rioNEs·</span> 
     </span>
    </p>
   </div>
   <div class='ocr_carea' id='block_1_2' title="bbox 225 303 1698 2790">
    <p class='ocr_par' dir='ltr' id='par_1_2' title="bbox 226 303 1691 473">
     <span class='ocr_line' id='line_1_2' title="bbox 342 303 1685 356; baseline -0.004 -2"><span class='ocrx_word' id='word_1_3' title='bbox 342 312 446 355; x_wconf 74' lang='lat' dir='ltr'>Ibid.</span> <span class='ocrx_word' id='word_1_4' title='bbox 473 309 659 354; x_wconf 70' lang='lat' dir='ltr'>‘Onoicov</span> <span class='ocrx_word' id='word_1_5' title='bbox 689 309 758 349; x_wconf 81' lang='grc' dir='ltr'><em>καὶ</em></span> <span class='ocrx_word' id='word_1_6' title='bbox 787 303 974 356; x_wconf 76' lang='grc' dir='ltr'><em>ὁπόσων)</em></span> <span class='ocrx_word' id='word_1_7' title='bbox 1010 303 1185 349; x_wconf 68' lang='lat' dir='ltr'>‘Owoi‘ov</span> <span class='ocrx_word' id='word_1_8' title='bbox 1219 307 1287 350; x_wconf 83' lang='grc' dir='ltr'><em>καὶ</em></span> <span class='ocrx_word' id='word_1_9' title='bbox 1314 304 1478 351; x_wconf 74' lang='grc' dir='ltr'>ὁπόσον.</span> <span class='ocrx_word' id='word_1_10' title='bbox 1509 309 1685 348; x_wconf 64' lang='grc' dir='ltr'><strong>Ουγετ.</strong></span> 
     </span>
     <span class='ocr_line' id='line_1_3' title="bbox 226 362 1691 419; baseline -0.005 -4"><span class='ocrx_word' id='word_1_11' title='bbox 226 371 401 415; x_wconf 76' lang='grc' dir='ltr'><strong><em>Ὀποῖον</em></strong></span> <span class='ocrx_word' id='word_1_12' title='bbox 421 371 488 412; x_wconf 80' lang='grc' dir='ltr'><em>καὶ</em></span> <span class='ocrx_word' id='word_1_13' title='bbox 504 366 654 411; x_wconf 81' lang='grc' dir='ltr'>ὁπόσων</span> <span class='ocrx_word' id='word_1_14' title='bbox 673 366 728 403; x_wconf 86' lang='lat' dir='ltr'>L·</span> <span class='ocrx_word' id='word_1_15' title='bbox 750 364 864 417; x_wconf 90' lang='lat' dir='ltr'>quod</span> <span class='ocrx_word' id='word_1_16' title='bbox 883 364 1017 418; x_wconf 83' lang='lat' dir='ltr'>magis</span> <span class='ocrx_word' id='word_1_17' title='bbox 1042 364 1210 414; x_wconf 79' lang='lat' dir='ltr'>arridet,</span> <span class='ocrx_word' id='word_1_18' title='bbox 1225 380 1345 419; x_wconf 82' lang='lat' dir='ltr'>quam</span> <span class='ocrx_word' id='word_1_19' title='bbox 1370 363 1491 408; x_wconf 85' lang='grc' dir='ltr'><em>ὁποῖα</em></span> <span class='ocrx_word' id='word_1_20' title='bbox 1509 368 1577 408; x_wconf 85' lang='grc' dir='ltr'><em>καὶ</em></span> <span class='ocrx_word' id='word_1_21' title='bbox 1596 362 1691 408; x_wconf 86' lang='grc' dir='ltr'>ὁπό-</span> 
     </span>
     <span class='ocr_line' id='line_1_4' title="bbox 231 418 1455 473; baseline -0.008 -4"><span class='ocrx_word' id='word_1_22' title='bbox 231 445 281 473; x_wconf 88' lang='grc' dir='ltr'><em>σα</em></span> <span class='ocrx_word' id='word_1_23' title='bbox 302 431 352 468; x_wconf 93' lang='lat' dir='ltr'>A.</span> <span class='ocrx_word' id='word_1_24' title='bbox 374 439 416 468; x_wconf 87' lang='lat' dir='ltr'>et</span> <span class='ocrx_word' id='word_1_25' title='bbox 438 429 484 466; x_wconf 89' lang='lat' dir='ltr'>P.</span> <span class='ocrx_word' id='word_1_26' title='bbox 545 426 595 463; x_wconf 83' lang='lat' dir='ltr'>In</span> <span class='ocrx_word' id='word_1_27' title='bbox 620 420 730 460; x_wconf 86' lang='lat' dir='ltr'>Edd.</span> <span class='ocrx_word' id='word_1_28' title='bbox 755 420 907 463; x_wconf 79' lang='grc' dir='ltr'><em>ὁποίων</em></span> <span class='ocrx_word' id='word_1_29' title='bbox 930 423 995 461; x_wconf 77' lang='grc' dir='ltr'>καὶ</span> <span class='ocrx_word' id='word_1_30' title='bbox 1016 418 1188 462; x_wconf 82' lang='grc' dir='ltr'>ὁπόσων.</span> <span class='ocrx_word' id='word_1_31' title='bbox 1220 423 1384 464; x_wconf 79' lang='lat' dir='ltr'><strong>SOLAN.</strong></span> <span class='ocrx_word' id='word_1_32' title='bbox 1452 461 1455 463; x_wconf 73' lang='grc'><strong>,</strong></span> 
     </span>
    </p>

    <p class='ocr_par' dir='ltr' id='par_1_3' title="bbox 226 475 1698 1330">
     <span class='ocr_line' id='line_1_5' title="bbox 344 475 1689 537; baseline -0.006 -14"><span class='ocrx_word' id='word_1_33' title='bbox 344 483 607 537; x_wconf 77' lang='lat' dir='ltr'>Pag.115.l.</span> <span class='ocrx_word' id='word_1_34' title='bbox 630 484 669 522; x_wconf 86' lang='lat'>6.</span> <span class='ocrx_word' id='word_1_35' title='bbox 718 475 1056 532; x_wconf 77' lang='grc' dir='ltr'><em>Παρασύμβαμα)</em></span> <span class='ocrx_word' id='word_1_36' title='bbox 1094 477 1234 517; x_wconf 87' lang='lat' dir='ltr'>Ludit</span> <span class='ocrx_word' id='word_1_37' title='bbox 1265 479 1445 518; x_wconf 88' lang='lat' dir='ltr'>festivus</span> <span class='ocrx_word' id='word_1_38' title='bbox 1477 481 1618 517; x_wconf 81' lang='lat' dir='ltr'>&#39;scurra</span> <span class='ocrx_word' id='word_1_39' title='bbox 1644 478 1689 516; x_wconf 87' lang='lat' dir='ltr'>in</span> 
     </span>
     <span class='ocr_line' id='line_1_6' title="bbox 231 534 1691 594; baseline -0.007 -12"><span class='ocrx_word' id='word_1_40' title='bbox 231 538 523 594; x_wconf 84' lang='lat' dir='ltr'>detorquenda</span> <span class='ocrx_word' id='word_1_41' title='bbox 544 534 859 591; x_wconf 79' lang='lat' dir='ltr'>significatione</span> <span class='ocrx_word' id='word_1_42' title='bbox 880 549 1048 579; x_wconf 87' lang='lat' dir='ltr'>vocum,</span> <span class='ocrx_word' id='word_1_43' title='bbox 1081 549 1186 587; x_wconf 87' lang='lat' dir='ltr'>quae</span> <span class='ocrx_word' id='word_1_44' title='bbox 1204 534 1254 574; x_wconf 85' lang='lat' dir='ltr'>ad</span> <span class='ocrx_word' id='word_1_45' title='bbox 1277 535 1600 573; x_wconf 83' lang='lat' dir='ltr'>Grammaticam</span> <span class='ocrx_word' id='word_1_46' title='bbox 1622 537 1691 574; x_wconf 88' lang='lat' dir='ltr'>vel</span> 
     </span>
     <span class='ocr_line' id='line_1_7' title="bbox 229 590 1690 646; baseline -0.008 -7"><span class='ocrx_word' id='word_1_47' title='bbox 229 597 515 639; x_wconf 84' lang='lat' dir='ltr'>Dialecticam</span> <span class='ocrx_word' id='word_1_48' title='bbox 555 591 801 646; x_wconf 76' lang='lat' dir='ltr'>pertinent,</span> <span class='ocrx_word' id='word_1_49' title='bbox 852 605 975 643; x_wconf 85' lang='lat' dir='ltr'>quam</span> <span class='ocrx_word' id='word_1_50' title='bbox 1016 590 1150 628; x_wconf 86' lang='lat' dir='ltr'>discas</span> <span class='ocrx_word' id='word_1_51' title='bbox 1193 591 1354 644; x_wconf 89' lang='lat' dir='ltr'>optime</span> <span class='ocrx_word' id='word_1_52' title='bbox 1388 607 1439 631; x_wconf 78' lang='lat' dir='ltr'>ex</span> <span class='ocrx_word' id='word_1_53' title='bbox 1468 590 1690 645; x_wconf 82' lang='lat' dir='ltr'>Apollonio</span> 
     </span>
     <span class='ocr_line' id='line_1_8' title="bbox 230 645 1693 708; baseline -0.005 -16"><span class='ocrx_word' id='word_1_54' title='bbox 230 658 350 708; x_wconf 79' lang='lat' dir='ltr'>Synt,</span> <span class='ocrx_word' id='word_1_55' title='bbox 374 653 447 691; x_wconf 90' lang='lat' dir='ltr'>lib.</span> <span class='ocrx_word' id='word_1_56' title='bbox 474 657 509 693; x_wconf 83' lang='lat'>1.</span> <span class='ocrx_word' id='word_1_57' title='bbox 535 665 575 703; x_wconf 87' lang='lat' dir='ltr'>p.</span> <span class='ocrx_word' id='word_1_58' title='bbox 597 653 674 697; x_wconf 77' lang='lat'>36,</span> <span class='ocrx_word' id='word_1_59' title='bbox 698 653 760 691; x_wconf 86' lang='lat'>14.</span> <span class='ocrx_word' id='word_1_60' title='bbox 787 658 827 687; x_wconf 90' lang='lat' dir='ltr'>et</span> <span class='ocrx_word' id='word_1_61' title='bbox 848 648 920 687; x_wconf 88' lang='lat' dir='ltr'>lib.</span> <span class='ocrx_word' id='word_1_62' title='bbox 941 654 980 692; x_wconf 80' lang='lat'>3,</span> <span class='ocrx_word' id='word_1_63' title='bbox 1003 662 1045 700; x_wconf 91' lang='lat' dir='ltr'>p.</span> <span class='ocrx_word' id='word_1_64' title='bbox 1068 651 1162 691; x_wconf 77' lang='lat'><strong>295.</strong></span> <span class='ocrx_word' id='word_1_65' title='bbox 1223 648 1388 700; x_wconf 87' lang='lat' dir='ltr'>Verbo,</span> <span class='ocrx_word' id='word_1_66' title='bbox 1420 645 1606 701; x_wconf 82' lang='grc' dir='ltr'><em>σύμβαμα</em></span> <span class='ocrx_word' id='word_1_67' title='bbox 1629 656 1693 685; x_wconf 89' lang='lat' dir='ltr'>est</span> 
     </span>
     <span class='ocr_line' id='line_1_9' title="bbox 229 703 1694 767; baseline -0.005 -17"><span class='ocrx_word' id='word_1_68' title='bbox 229 710 520 767; x_wconf 86' lang='lat' dir='ltr'>praedicatum</span> <span class='ocrx_word' id='word_1_69' title='bbox 549 705 664 744; x_wconf 80' lang='lat' dir='ltr'>casui</span> <span class='ocrx_word' id='word_1_70' title='bbox 700 715 816 743; x_wconf 86' lang='lat' dir='ltr'>recto</span> <span class='ocrx_word' id='word_1_71' title='bbox 849 703 1061 750; x_wconf 82' lang='lat' dir='ltr'>additum,</span> <span class='ocrx_word' id='word_1_72' title='bbox 1108 714 1158 743; x_wconf 85' lang='lat' dir='ltr'>ut</span> <span class='ocrx_word' id='word_1_73' title='bbox 1191 704 1236 741; x_wconf 90' lang='lat' dir='ltr'>in</span> <span class='ocrx_word' id='word_1_74' title='bbox 1267 704 1345 742; x_wconf 80' lang='lat' dir='ltr'>hac</span> <span class='ocrx_word' id='word_1_75' title='bbox 1372 705 1694 758; x_wconf 83' lang='lat' dir='ltr'>propositione,</span> 
     </span>
     <span class='ocr_line' id='line_1_10' title="bbox 236 759 1692 821; baseline -0.009 -12"><span class='ocrx_word' id='word_1_76' title='bbox 236 765 413 821; x_wconf 75' lang='grc' dir='ltr'><em>Τρύφων</em></span> <span class='ocrx_word' id='word_1_77' title='bbox 434 767 651 818; x_wconf 76' lang='grc' dir='ltr'><em>περιπατῶ.</em></span> <span class='ocrx_word' id='word_1_78' title='bbox 712 760 792 800; x_wconf 85' lang='lat' dir='ltr'>Sed</span> <span class='ocrx_word' id='word_1_79' title='bbox 813 760 1114 816; x_wconf 78' lang='grc' dir='ltr'><em>παρασύμβαμα</em></span> <span class='ocrx_word' id='word_1_80' title='bbox 1136 760 1422 812; x_wconf 83' lang='lat' dir='ltr'>praedicatum</span> <span class='ocrx_word' id='word_1_81' title='bbox 1448 761 1564 799; x_wconf 83' lang='lat' dir='ltr'>casui</span> <span class='ocrx_word' id='word_1_82' title='bbox 1588 759 1692 798; x_wconf 91' lang='lat' dir='ltr'>obli-</span> 
     </span>
     <span class='ocr_line' id='line_1_11' title="bbox 229 814 1693 878; baseline -0.005 -17"><span class='ocrx_word' id='word_1_83' title='bbox 229 839 317 878; x_wconf 90' lang='lat' dir='ltr'>quo</span> <span class='ocrx_word' id='word_1_84' title='bbox 342 821 558 869; x_wconf 84' lang='lat' dir='ltr'>additum,</span> <span class='ocrx_word' id='word_1_85' title='bbox 592 828 639 857; x_wconf 89' lang='lat' dir='ltr'>ut</span> <span class='ocrx_word' id='word_1_86' title='bbox 661 817 705 856; x_wconf 88' lang='lat' dir='ltr'>in</span> <span class='ocrx_word' id='word_1_87' title='bbox 730 817 830 868; x_wconf 85' lang='lat' dir='ltr'>hac,</span> <span class='ocrx_word' id='word_1_88' title='bbox 864 818 1065 871; x_wconf 78' lang='grc' dir='ltr'><em>μεταμέλει</em></span> <span class='ocrx_word' id='word_1_89' title='bbox 1079 815 1300 870; x_wconf 76' lang='grc' dir='ltr'><strong><em>Σωκράτει.</em></strong></span> <span class='ocrx_word' id='word_1_90' title='bbox 1334 818 1419 856; x_wconf 89' lang='lat' dir='ltr'>Hic</span> <span class='ocrx_word' id='word_1_91' title='bbox 1441 818 1575 870; x_wconf 81' lang='lat' dir='ltr'>igitur</span> <span class='ocrx_word' id='word_1_92' title='bbox 1595 814 1693 864; x_wconf 73' lang='grc' dir='ltr'>σύμ-</span> 
     </span>
     <span class='ocr_line' id='line_1_12' title="bbox 227 872 1693 937; baseline -0.006 -15"><span class='ocrx_word' id='word_1_93' title='bbox 227 886 336 937; x_wconf 79' lang='grc' dir='ltr'><em>βαμα</em></span> <span class='ocrx_word' id='word_1_94' title='bbox 359 879 641 931; x_wconf 74' lang='lat' dir='ltr'>congruitatem</span> <span class='ocrx_word' id='word_1_95' title='bbox 664 883 806 925; x_wconf 82' lang='lat' dir='ltr'>notat,</span> <span class='ocrx_word' id='word_1_96' title='bbox 837 874 1050 928; x_wconf 88' lang='lat' dir='ltr'>quomodo</span> <span class='ocrx_word' id='word_1_97' title='bbox 1076 874 1205 914; x_wconf 81' lang='lat' dir='ltr'>vertit</span> <span class='ocrx_word' id='word_1_98' title='bbox 1225 883 1267 912; x_wconf 87' lang='lat' dir='ltr'>et</span> <span class='ocrx_word' id='word_1_99' title='bbox 1291 877 1372 925; x_wconf 88' lang='lat' dir='ltr'>jarn</span> <span class='ocrx_word' id='word_1_100' title='bbox 1394 874 1620 912; x_wconf 80' lang='lat' dir='ltr'><em>Priscianus</em></span> <span class='ocrx_word' id='word_1_101' title='bbox 1639 872 1693 913; x_wconf 90' lang='lat' dir='ltr'>L.</span> 
     </span>
     <span class='ocr_line' id='line_1_13' title="bbox 230 927 1692 990; baseline -0.01 -10"><span class='ocrx_word' id='word_1_102' title='bbox 230 945 295 982; x_wconf 77' lang='lat'>13.</span> <span class='ocrx_word' id='word_1_103' title='bbox 320 953 363 990; x_wconf 89' lang='lat' dir='ltr'>p.</span> <span class='ocrx_word' id='word_1_104' title='bbox 388 939 508 978; x_wconf 80' lang='lat'>1118.</span> <span class='ocrx_word' id='word_1_105' title='bbox 542 932 592 971; x_wconf 88' lang='lat' dir='ltr'>de</span> <span class='ocrx_word' id='word_1_106' title='bbox 615 931 754 971; x_wconf 86' lang='lat' dir='ltr'>eadem</span> <span class='ocrx_word' id='word_1_107' title='bbox 775 945 818 970; x_wconf 88' lang='lat' dir='ltr'>re</span> <span class='ocrx_word' id='word_1_108' title='bbox 839 945 989 984; x_wconf 84' lang='lat' dir='ltr'>agens:</span> <span class='ocrx_word' id='word_1_109' title='bbox 1021 928 1318 984; x_wconf 76' lang='grc' dir='ltr'><em>παρασύμβαμα</em></span> <span class='ocrx_word' id='word_1_110' title='bbox 1337 939 1500 979; x_wconf 82' lang='lat' dir='ltr'>autem,</span> <span class='ocrx_word' id='word_1_111' title='bbox 1534 944 1627 967; x_wconf 89' lang='lat' dir='ltr'>cum</span> <span class='ocrx_word' id='word_1_112' title='bbox 1642 927 1692 966; x_wconf 88' lang='lat' dir='ltr'>ab</span> 
     </span>
     <span class='ocr_line' id='line_1_14' title="bbox 228 983 1695 1044; baseline -0.004 -12"><span class='ocrx_word' id='word_1_113' title='bbox 228 1010 276 1035; x_wconf 82' lang='lat' dir='ltr'>ea</span> <span class='ocrx_word' id='word_1_114' title='bbox 298 994 565 1044; x_wconf 86' lang='lat' dir='ltr'>aliquantum</span> <span class='ocrx_word' id='word_1_115' title='bbox 596 987 822 1026; x_wconf 86' lang='lat' dir='ltr'>receditur.</span> <span class='ocrx_word' id='word_1_116' title='bbox 885 987 1039 1026; x_wconf 85' lang='lat' dir='ltr'>Verum</span> <span class='ocrx_word' id='word_1_117' title='bbox 1060 987 1264 1026; x_wconf 81' lang='lat' dir='ltr'>Lucianus</span> <span class='ocrx_word' id='word_1_118' title='bbox 1281 986 1330 1024; x_wconf 89' lang='lat' dir='ltr'>ad</span> <span class='ocrx_word' id='word_1_119' title='bbox 1351 987 1525 1024; x_wconf 86' lang='lat' dir='ltr'>verbum</span> <span class='ocrx_word' id='word_1_120' title='bbox 1546 983 1695 1038; x_wconf 81' lang='grc' dir='ltr'><em>σύμβα-</em></span> 
     </span>
     <span class='ocr_line' id='line_1_15' title="bbox 228 1041 1696 1105; baseline -0.007 -16"><span class='ocrx_word' id='word_1_121' title='bbox 228 1069 283 1105; x_wconf 80' lang='grc' dir='ltr'><em>μα</em></span> <span class='ocrx_word' id='word_1_122' title='bbox 306 1058 430 1088; x_wconf 85' lang='lat' dir='ltr'>vocat</span> <span class='ocrx_word' id='word_1_123' title='bbox 456 1045 662 1092; x_wconf 75' lang='lat' dir='ltr'>accidens,</span> <span class='ocrx_word' id='word_1_124' title='bbox 696 1052 736 1082; x_wconf 86' lang='lat' dir='ltr'>et</span> <span class='ocrx_word' id='word_1_125' title='bbox 759 1042 1057 1098; x_wconf 80' lang='grc' dir='ltr'><em>παρασύμβαμα</em></span> <span class='ocrx_word' id='word_1_126' title='bbox 1080 1059 1220 1082; x_wconf 85' lang='lat' dir='ltr'>novum</span> <span class='ocrx_word' id='word_1_127' title='bbox 1243 1042 1447 1093; x_wconf 76' lang='lat' dir='ltr'>accidens,</span> <span class='ocrx_word' id='word_1_128' title='bbox 1479 1041 1593 1096; x_wconf 89' lang='lat' dir='ltr'>quod</span> <span class='ocrx_word' id='word_1_129' title='bbox 1624 1056 1696 1079; x_wconf 91' lang='lat' dir='ltr'>su-</span> 
     </span>
     <span class='ocr_line' id='line_1_16' title="bbox 227 1096 1698 1161; baseline -0.009 -14"><span class='ocrx_word' id='word_1_130' title='bbox 227 1105 426 1161; x_wconf 78' lang='lat' dir='ltr'>pervenit</span> <span class='ocrx_word' id='word_1_131' title='bbox 448 1104 514 1140; x_wconf 86' lang='lat' dir='ltr'>illi</span> <span class='ocrx_word' id='word_1_132' title='bbox 540 1101 673 1140; x_wconf 86' lang='lat' dir='ltr'>veteri</span> <span class='ocrx_word' id='word_1_133' title='bbox 696 1114 742 1138; x_wconf 82' lang='lat' dir='ltr'>ac</span> <span class='ocrx_word' id='word_1_134' title='bbox 760 1101 920 1153; x_wconf 82' lang='lat' dir='ltr'>priori,</span> <span class='ocrx_word' id='word_1_135' title='bbox 955 1098 1084 1153; x_wconf 90' lang='lat' dir='ltr'>idque</span> <span class='ocrx_word' id='word_1_136' title='bbox 1106 1099 1290 1138; x_wconf 86' lang='lat' dir='ltr'>ridiculo</span> <span class='ocrx_word' id='word_1_137' title='bbox 1324 1102 1518 1151; x_wconf 83' lang='lat' dir='ltr'>exemplo</span> <span class='ocrx_word' id='word_1_138' title='bbox 1550 1096 1698 1136; x_wconf 83' lang='lat' dir='ltr'>decla-</span> 
     </span>
     <span class='ocr_line' id='line_1_17' title="bbox 226 1154 1695 1211; baseline -0.007 -8"><span class='ocrx_word' id='word_1_139' title='bbox 226 1174 305 1203; x_wconf 85' lang='lat' dir='ltr'>rat.</span> <span class='ocrx_word' id='word_1_140' title='bbox 363 1163 512 1200; x_wconf 86' lang='lat' dir='ltr'>Potest</span> <span class='ocrx_word' id='word_1_141' title='bbox 535 1158 627 1210; x_wconf 87' lang='lat' dir='ltr'>ipsa</span> <span class='ocrx_word' id='word_1_142' title='bbox 648 1156 900 1211; x_wconf 81' lang='lat' dir='ltr'>ambiguitas</span> <span class='ocrx_word' id='word_1_143' title='bbox 913 1156 1083 1195; x_wconf 85' lang='lat' dir='ltr'>Latinis</span> <span class='ocrx_word' id='word_1_144' title='bbox 1102 1155 1464 1210; x_wconf 82' lang='lat' dir='ltr'>appellationibus</span> <span class='ocrx_word' id='word_1_145' title='bbox 1479 1154 1552 1192; x_wconf 84' lang='lat' dir='ltr'>vix</span> <span class='ocrx_word' id='word_1_146' title='bbox 1574 1168 1621 1192; x_wconf 87' lang='lat' dir='ltr'>ac</span> <span class='ocrx_word' id='word_1_147' title='bbox 1641 1167 1695 1192; x_wconf 81' lang='lat' dir='ltr'>ne</span> 
     </span>
     <span class='ocr_line' id='line_1_18' title="bbox 227 1213 1692 1270; baseline -0.007 -12"><span class='ocrx_word' id='word_1_148' title='bbox 227 1221 304 1258; x_wconf 81' lang='lat' dir='ltr'>vix</span> <span class='ocrx_word' id='word_1_149' title='bbox 327 1216 497 1270; x_wconf 85' lang='lat' dir='ltr'>quidem</span> <span class='ocrx_word' id='word_1_150' title='bbox 519 1214 737 1266; x_wconf 85' lang='lat' dir='ltr'>explicari,</span> <span class='ocrx_word' id='word_1_151' title='bbox 773 1213 886 1265; x_wconf 88' lang='lat' dir='ltr'>quod</span> <span class='ocrx_word' id='word_1_152' title='bbox 907 1216 1146 1266; x_wconf 79' lang='grc' dir='ltr'><em>συμβαίνειν</em></span> <span class='ocrx_word' id='word_1_153' title='bbox 1165 1225 1252 1251; x_wconf 88' lang='lat' dir='ltr'>tum</span> <span class='ocrx_word' id='word_1_154' title='bbox 1275 1229 1353 1250; x_wconf 82' lang='lat' dir='ltr'>una</span> <span class='ocrx_word' id='word_1_155' title='bbox 1370 1213 1439 1261; x_wconf 78' lang='lat' dir='ltr'>ire,</span> <span class='ocrx_word' id='word_1_156' title='bbox 1472 1226 1692 1264; x_wconf 77' lang='lat' dir='ltr'><strong><em>congruere,</em></strong></span> 
     </span>
     <span class='ocr_line' id='line_1_19' title="bbox 227 1270 1300 1330; baseline -0.006 -17"><span class='ocrx_word' id='word_1_157' title='bbox 227 1275 467 1330; x_wconf 79' lang='lat' dir='ltr'>significat,</span> <span class='ocrx_word' id='word_1_158' title='bbox 498 1281 587 1310; x_wconf 86' lang='lat' dir='ltr'>tum</span> <span class='ocrx_word' id='word_1_159' title='bbox 609 1270 785 1310; x_wconf 75' lang='lat' dir='ltr'>accidere</span> <span class='ocrx_word' id='word_1_160' title='bbox 804 1280 843 1308; x_wconf 85' lang='lat' dir='ltr'>et</span> <span class='ocrx_word' id='word_1_161' title='bbox 863 1272 1094 1322; x_wconf 74' lang='lat' dir='ltr'>contingere.</span> <span class='ocrx_word' id='word_1_162' title='bbox 1139 1270 1275 1310; x_wconf 75' lang='lat' dir='ltr'>GESN.</span> <span class='ocrx_word' id='word_1_163' title='bbox 1292 1281 1300 1284; x_wconf 72' lang='lat'><strong><em>‘</em></strong></span> 
     </span>
    </p>

    <p class='ocr_par' dir='ltr' id='par_1_4' title="bbox 225 1322 1696 1724">
     <span class='ocr_line' id='line_1_20' title="bbox 342 1322 1696 1380; baseline -0.006 -12"><span class='ocrx_word' id='word_1_164' title='bbox 342 1329 446 1370; x_wconf 75' lang='grc' dir='ltr'><em>Εαιῑ.</em></span> <span class='ocrx_word' id='word_1_165' title='bbox 470 1331 497 1366; x_wconf 81' lang='lat' dir='ltr'>l.</span> <span class='ocrx_word' id='word_1_166' title='bbox 522 1332 562 1369; x_wconf 85' lang='lat'>9.</span> <span class='ocrx_word' id='word_1_167' title='bbox 601 1332 685 1367; x_wconf 78' lang='grc' dir='ltr'>Τῶν</span> <span class='ocrx_word' id='word_1_168' title='bbox 707 1323 835 1380; x_wconf 77' lang='grc' dir='ltr'><em>λόγων</em></span> <span class='ocrx_word' id='word_1_169' title='bbox 853 1326 1102 1378; x_wconf 73' lang='grc' dir='ltr'><em>πλεκτάνας)</em></span> <span class='ocrx_word' id='word_1_170' title='bbox 1133 1327 1202 1364; x_wconf 87' lang='lat' dir='ltr'>De</span> <span class='ocrx_word' id='word_1_171' title='bbox 1234 1323 1388 1378; x_wconf 88' lang='lat' dir='ltr'>quibus</span> <span class='ocrx_word' id='word_1_172' title='bbox 1421 1339 1545 1377; x_wconf 89' lang='lat' dir='ltr'>supra</span> <span class='ocrx_word' id='word_1_173' title='bbox 1576 1322 1696 1360; x_wconf 79' lang='lat' dir='ltr'>dixi-</span> 
     </span>
     <span class='ocr_line' id='line_1_21' title="bbox 227 1379 1693 1436; baseline -0.005 -12"><span class='ocrx_word' id='word_1_174' title='bbox 227 1403 334 1428; x_wconf 79' lang='lat' dir='ltr'>mus,</span> <span class='ocrx_word' id='word_1_175' title='bbox 397 1384 560 1423; x_wconf 79' lang='lat' dir='ltr'>Habuit</span> <span class='ocrx_word' id='word_1_176' title='bbox 593 1382 860 1435; x_wconf 83' lang='lat' dir='ltr'>Chrysippus</span> <span class='ocrx_word' id='word_1_177' title='bbox 884 1385 1037 1420; x_wconf 81' lang='lat' dir='ltr'>multas</span> <span class='ocrx_word' id='word_1_178' title='bbox 1071 1382 1485 1436; x_wconf 74' lang='lat' dir='ltr'>argumentationum</span> <span class='ocrx_word' id='word_1_179' title='bbox 1515 1379 1693 1432; x_wconf 86' lang='lat' dir='ltr'>species,</span> 
     </span>
     <span class='ocr_line' id='line_1_22' title="bbox 229 1437 1696 1488; baseline -0.008 -4"><span class='ocrx_word' id='word_1_180' title='bbox 229 1455 276 1483; x_wconf 91' lang='lat' dir='ltr'>ut</span> <span class='ocrx_word' id='word_1_181' title='bbox 303 1443 511 1488; x_wconf 89' lang='lat' dir='ltr'>Soritem‚</span> <span class='ocrx_word' id='word_1_182' title='bbox 543 1439 852 1487; x_wconf 84' lang='lat' dir='ltr'>Mentientem,</span> <span class='ocrx_word' id='word_1_183' title='bbox 899 1437 1229 1485; x_wconf 74' lang='lat' dir='ltr'>Crocodilitem,</span> <span class='ocrx_word' id='word_1_184' title='bbox 1273 1437 1530 1485; x_wconf 83' lang='lat' dir='ltr'>Cornutam‚</span> <span class='ocrx_word' id='word_1_185' title='bbox 1561 1437 1696 1474; x_wconf 80' lang='lat' dir='ltr'>Elec-</span> 
     </span>
     <span class='ocr_line' id='line_1_23' title="bbox 227 1492 1694 1552; baseline -0.007 -12"><span class='ocrx_word' id='word_1_186' title='bbox 227 1508 356 1550; x_wconf 78' lang='lat' dir='ltr'>tram,</span> <span class='ocrx_word' id='word_1_187' title='bbox 397 1499 623 1552; x_wconf 79' lang='lat' dir='ltr'>Ignavam,</span> <span class='ocrx_word' id='word_1_188' title='bbox 665 1494 899 1542; x_wconf 69' lang='lat' dir='ltr'>Achillem,</span> <span class='ocrx_word' id='word_1_189' title='bbox 943 1496 1201 1539; x_wconf 86' lang='lat' dir='ltr'>Metentem‚</span> <span class='ocrx_word' id='word_1_190' title='bbox 1243 1493 1570 1541; x_wconf 86' lang='lat' dir='ltr'>Dominantem,</span> <span class='ocrx_word' id='word_1_191' title='bbox 1605 1492 1694 1530; x_wconf 88' lang='lat' dir='ltr'>Ne-</span> 
     </span>
     <span class='ocr_line' id='line_1_24' title="bbox 226 1547 1692 1605; baseline -0.006 -10"><span class='ocrx_word' id='word_1_192' title='bbox 226 1559 407 1605; x_wconf 80' lang='lat' dir='ltr'>minem,</span> <span class='ocrx_word' id='word_1_193' title='bbox 440 1564 481 1593; x_wconf 87' lang='lat' dir='ltr'>et</span> <span class='ocrx_word' id='word_1_194' title='bbox 504 1552 631 1601; x_wconf 79' lang='lat' dir='ltr'>alias,</span> <span class='ocrx_word' id='word_1_195' title='bbox 667 1565 769 1604; x_wconf 83' lang='lat' dir='ltr'>quas</span> <span class='ocrx_word' id='word_1_196' title='bbox 793 1553 858 1588; x_wconf 81' lang='lat' dir='ltr'>Vel</span> <span class='ocrx_word' id='word_1_197' title='bbox 881 1551 972 1602; x_wconf 87' lang='lat' dir='ltr'>ipse</span> <span class='ocrx_word' id='word_1_198' title='bbox 1003 1551 1254 1589; x_wconf 85' lang='lat' dir='ltr'>Aristoteles</span> <span class='ocrx_word' id='word_1_199' title='bbox 1284 1563 1486 1603; x_wconf 85' lang='lat' dir='ltr'>nusquam</span> <span class='ocrx_word' id='word_1_200' title='bbox 1520 1547 1692 1602; x_wconf 83' lang='lat' dir='ltr'>attigit:</span> 
     </span>
     <span class='ocr_line' id='line_1_25' title="bbox 227 1604 1692 1667; baseline -0.007 -15"><span class='ocrx_word' id='word_1_201' title='bbox 227 1614 278 1653; x_wconf 90' lang='lat' dir='ltr'>de</span> <span class='ocrx_word' id='word_1_202' title='bbox 301 1613 456 1667; x_wconf 90' lang='lat' dir='ltr'>quibus</span> <span class='ocrx_word' id='word_1_203' title='bbox 479 1609 617 1648; x_wconf 54' lang='lat' dir='ltr'>Lafirt.</span> <span class='ocrx_word' id='word_1_204' title='bbox 642 1607 684 1644; x_wconf 89' lang='lat' dir='ltr'>in</span> <span class='ocrx_word' id='word_1_205' title='bbox 707 1608 812 1646; x_wconf 87' lang='lat' dir='ltr'>Zen.</span> <span class='ocrx_word' id='word_1_206' title='bbox 837 1606 936 1647; x_wconf 77' lang='lat' dir='ltr'>Fczb.</span> <span class='ocrx_word' id='word_1_207' title='bbox 965 1621 997 1648; x_wconf 82' lang='lat' dir='ltr'>c,</span> <span class='ocrx_word' id='word_1_208' title='bbox 1023 1612 1090 1649; x_wconf 89' lang='grc'>10.</span> <span class='ocrx_word' id='word_1_209' title='bbox 1112 1606 1187 1645; x_wconf 88' lang='lat' dir='ltr'>lib.</span> <span class='ocrx_word' id='word_1_210' title='bbox 1216 1612 1254 1649; x_wconf 85' lang='lat'>1.</span> <span class='ocrx_word' id='word_1_211' title='bbox 1280 1605 1463 1646; x_wconf 71' lang='lat' dir='ltr'>Themist.</span> <span class='ocrx_word' id='word_1_212' title='bbox 1486 1604 1603 1644; x_wconf 84' lang='lat' dir='ltr'>Orat.</span> <span class='ocrx_word' id='word_1_213' title='bbox 1630 1609 1692 1647; x_wconf 85' lang='grc'>14.</span> 
     </span>
     <span class='ocr_line' id='line_1_26' title="bbox 225 1665 1260 1724; baseline -0.018 -14"><span class='ocrx_word' id='word_1_214' title='bbox 225 1670 324 1724; x_wconf 89' lang='lat' dir='ltr'>Ipse</span> <span class='ocrx_word' id='word_1_215' title='bbox 348 1669 428 1706; x_wconf 89' lang='lat' dir='ltr'>hoc</span> <span class='ocrx_word' id='word_1_216' title='bbox 447 1665 564 1706; x_wconf 84' lang='lat' dir='ltr'>Dial.</span> <span class='ocrx_word' id='word_1_217' title='bbox 595 1665 772 1704; x_wconf 76' lang='lat' dir='ltr'>Bounn.</span> <span class='ocrx_word' id='word_1_218' title='bbox 1256 1680 1260 1692; x_wconf 39' lang='lat' dir='ltr'>,s</span> 
     </span>
    </p>

    <p class='ocr_par' dir='ltr' id='par_1_5' title="bbox 225 1713 1697 1879">
     <span class='ocr_line' id='line_1_27' title="bbox 340 1713 1697 1778; baseline -0.004 -14"><span class='ocrx_word' id='word_1_219' title='bbox 340 1725 440 1778; x_wconf 76' lang='lat' dir='ltr'><em>Pag.</em></span> <span class='ocrx_word' id='word_1_220' title='bbox 479 1727 570 1765; x_wconf 88' lang='lat'>116.</span> <span class='ocrx_word' id='word_1_221' title='bbox 605 1724 633 1761; x_wconf 91' lang='lat' dir='ltr'>l.</span> <span class='ocrx_word' id='word_1_222' title='bbox 669 1727 703 1762; x_wconf 92' lang='lat'>1.</span> <span class='ocrx_word' id='word_1_223' title='bbox 755 1718 1051 1773; x_wconf 76' lang='grc' dir='ltr'><em>Κροκὸδειλος)</em></span> <span class='ocrx_word' id='word_1_224' title='bbox 1100 1718 1219 1758; x_wconf 85' lang='lat' dir='ltr'>Hinc</span> <span class='ocrx_word' id='word_1_225' title='bbox 1257 1715 1552 1771; x_wconf 79' lang='grc' dir='ltr'><em>κροκοδειλιτὴς</em></span> <span class='ocrx_word' id='word_1_226' title='bbox 1577 1713 1697 1772; x_wconf 77' lang='grc' dir='ltr'>λόγος</span> 
     </span>
     <span class='ocr_line' id='line_1_28' title="bbox 225 1773 1694 1837; baseline -0.007 -16"><span class='ocrx_word' id='word_1_227' title='bbox 225 1781 474 1837; x_wconf 72' lang='lat' dir='ltr'>Aphthonio.</span> <span class='ocrx_word' id='word_1_228' title='bbox 541 1775 833 1818; x_wconf 73' lang='lat' dir='ltr'>Crocodilitzam</span> <span class='ocrx_word' id='word_1_229' title='bbox 863 1786 990 1815; x_wconf 85' lang='lat' dir='ltr'>vocat</span> <span class='ocrx_word' id='word_1_230' title='bbox 1013 1774 1180 1829; x_wconf 80' lang='lat' dir='ltr'>Quintil.</span> <span class='ocrx_word' id='word_1_231' title='bbox 1207 1775 1255 1822; x_wconf 87' lang='lat' dir='ltr'>I,</span> <span class='ocrx_word' id='word_1_232' title='bbox 1280 1779 1344 1817; x_wconf 90' lang='lat'>10.</span> <span class='ocrx_word' id='word_1_233' title='bbox 1375 1789 1453 1813; x_wconf 89' lang='lat' dir='ltr'>nos</span> <span class='ocrx_word' id='word_1_234' title='bbox 1475 1788 1601 1827; x_wconf 85' lang='lat' dir='ltr'>supra</span> <span class='ocrx_word' id='word_1_235' title='bbox 1627 1773 1694 1812; x_wconf 88' lang='lat' dir='ltr'>di-</span> 
     </span>
     <span class='ocr_line' id='line_1_29' title="bbox 226 1833 1037 1879; baseline -0.015 0"><span class='ocrx_word' id='word_1_236' title='bbox 226 1842 369 1879; x_wconf 81' lang='lat' dir='ltr'>ximus</span> <span class='ocrx_word' id='word_1_237' title='bbox 395 1836 445 1875; x_wconf 84' lang='lat' dir='ltr'>ad</span> <span class='ocrx_word' id='word_1_238' title='bbox 467 1836 601 1875; x_wconf 80' lang='lat' dir='ltr'>Dian.</span> <span class='ocrx_word' id='word_1_239' title='bbox 625 1835 778 1872; x_wconf 80' lang='lat' dir='ltr'>Mortt.</span> <span class='ocrx_word' id='word_1_240' title='bbox 800 1833 833 1873; x_wconf 86' lang='grc' dir='ltr'>Ι,</span> <span class='ocrx_word' id='word_1_241' title='bbox 867 1833 1037 1873; x_wconf 73' lang='lat' dir='ltr'>SOLAN,</span> 
     </span>
    </p>

    <p class='ocr_par' dir='ltr' id='par_1_6' title="bbox 226 1887 1696 2443">
     <span class='ocr_line' id='line_1_30' title="bbox 340 1887 1696 1943; baseline -0.006 -10"><span class='ocrx_word' id='word_1_242' title='bbox 340 1893 444 1933; x_wconf 75' lang='lat' dir='ltr'>Earl.</span> <span class='ocrx_word' id='word_1_243' title='bbox 477 1896 504 1931; x_wconf 94' lang='lat' dir='ltr'>l.</span> <span class='ocrx_word' id='word_1_244' title='bbox 544 1897 608 1934; x_wconf 87' lang='lat'>11.</span> <span class='ocrx_word' id='word_1_245' title='bbox 655 1891 895 1943; x_wconf 80' lang='grc' dir='ltr'><em>Θερίζοντα)</em></span> <span class='ocrx_word' id='word_1_246' title='bbox 939 1889 1224 1942; x_wconf 73' lang='lat' dir='ltr'>sophismatis</span> <span class='ocrx_word' id='word_1_247' title='bbox 1253 1888 1381 1941; x_wconf 86' lang='lat' dir='ltr'>hujus</span> <span class='ocrx_word' id='word_1_248' title='bbox 1411 1887 1696 1927; x_wconf 87' lang='lat' dir='ltr'>meminerunt</span> 
     </span>
     <span class='ocr_line' id='line_1_31' title="bbox 227 1944 1691 2002; baseline -0.008 -10"><span class='ocrx_word' id='word_1_249' title='bbox 227 1962 270 1993; x_wconf 83' lang='lat' dir='ltr'>et</span> <span class='ocrx_word' id='word_1_250' title='bbox 291 1951 366 1990; x_wconf 89' lang='lat' dir='ltr'>alii</span> <span class='ocrx_word' id='word_1_251' title='bbox 391 1948 560 2002; x_wconf 79' lang='lat' dir='ltr'>antiqui</span> <span class='ocrx_word' id='word_1_252' title='bbox 583 1946 821 1999; x_wconf 87' lang='lat' dir='ltr'>scriptores.</span> <span class='ocrx_word' id='word_1_253' title='bbox 864 1946 1000 1985; x_wconf 89' lang='lat' dir='ltr'>Nemo</span> <span class='ocrx_word' id='word_1_254' title='bbox 1023 1957 1181 1995; x_wconf 84' lang='lat' dir='ltr'>autem,</span> <span class='ocrx_word' id='word_1_255' title='bbox 1217 1944 1333 1998; x_wconf 88' lang='lat' dir='ltr'>quod</span> <span class='ocrx_word' id='word_1_256' title='bbox 1356 1945 1529 1999; x_wconf 88' lang='lat' dir='ltr'>quidem</span> <span class='ocrx_word' id='word_1_257' title='bbox 1549 1945 1691 1993; x_wconf 83' lang='lat' dir='ltr'>sciam,</span> 
     </span>
     <span class='ocr_line' id='line_1_32' title="bbox 227 1999 1696 2060; baseline -0.007 -11"><span class='ocrx_word' id='word_1_258' title='bbox 227 2009 470 2060; x_wconf 87' lang='lat' dir='ltr'>exemplum</span> <span class='ocrx_word' id='word_1_259' title='bbox 497 2003 641 2049; x_wconf 83' lang='lat' dir='ltr'>affert,</span> <span class='ocrx_word' id='word_1_260' title='bbox 672 2001 786 2041; x_wconf 88' lang='lat' dir='ltr'>unde</span> <span class='ocrx_word' id='word_1_261' title='bbox 812 2012 951 2047; x_wconf 75' lang='lat' dir='ltr'>certo,</span> <span class='ocrx_word' id='word_1_262' title='bbox 986 2002 1090 2056; x_wconf 88' lang='lat' dir='ltr'>quid</span> <span class='ocrx_word' id='word_1_263' title='bbox 1128 2003 1280 2050; x_wconf 83' lang='lat' dir='ltr'>fuerit,</span> <span class='ocrx_word' id='word_1_264' title='bbox 1316 2010 1496 2040; x_wconf 88' lang='lat' dir='ltr'>constet.</span> <span class='ocrx_word' id='word_1_265' title='bbox 1558 1999 1696 2039; x_wconf 86' lang='lat' dir='ltr'>Affert</span> 
     </span>
     <span class='ocr_line' id='line_1_33' title="bbox 228 2057 1694 2111; baseline -0.005 -6"><span class='ocrx_word' id='word_1_266' title='bbox 228 2076 367 2105; x_wconf 84' lang='lat' dir='ltr'>tamen</span> <span class='ocrx_word' id='word_1_267' title='bbox 394 2078 445 2101; x_wconf 79' lang='lat' dir='ltr'>ex</span> <span class='ocrx_word' id='word_1_268' title='bbox 473 2061 690 2101; x_wconf 78' lang='lat' dir='ltr'>Ammonio</span> <span class='ocrx_word' id='word_1_269' title='bbox 722 2061 862 2097; x_wconf 78' lang='lat' dir='ltr'>iocum</span> <span class='ocrx_word' id='word_1_270' title='bbox 892 2060 1130 2111; x_wconf 64' lang='lat' dir='ltr'>Zlffenagius‚</span> <span class='ocrx_word' id='word_1_271' title='bbox 1159 2057 1273 2095; x_wconf 89' lang='lat' dir='ltr'>unde</span> <span class='ocrx_word' id='word_1_272' title='bbox 1306 2057 1410 2110; x_wconf 88' lang='lat' dir='ltr'>quid</span> <span class='ocrx_word' id='word_1_273' title='bbox 1437 2057 1493 2094; x_wconf 84' lang='lat' dir='ltr'>sit</span> <span class='ocrx_word' id='word_1_274' title='bbox 1520 2059 1694 2109; x_wconf 81' lang='grc' dir='ltr'><em>θερίζων</em></span> 
     </span>
     <span class='ocr_line' id='line_1_34' title="bbox 228 2113 1692 2174; baseline -0.008 -13"><span class='ocrx_word' id='word_1_275' title='bbox 228 2120 466 2174; x_wconf 82' lang='lat' dir='ltr'>sophisma,</span> <span class='ocrx_word' id='word_1_276' title='bbox 501 2117 663 2169; x_wconf 88' lang='lat' dir='ltr'>liquere</span> <span class='ocrx_word' id='word_1_277' title='bbox 687 2124 822 2168; x_wconf 81' lang='lat' dir='ltr'>putat.</span> <span class='ocrx_word' id='word_1_278' title='bbox 884 2115 963 2154; x_wconf 86' lang='lat' dir='ltr'>Sed</span> <span class='ocrx_word' id='word_1_279' title='bbox 983 2130 1033 2153; x_wconf 87' lang='lat' dir='ltr'>ex</span> <span class='ocrx_word' id='word_1_280' title='bbox 1058 2116 1267 2154; x_wconf 80' lang='lat' dir='ltr'>Ammonii</span> <span class='ocrx_word' id='word_1_281' title='bbox 1290 2113 1428 2151; x_wconf 84' lang='lat' dir='ltr'>verbis</span> <span class='ocrx_word' id='word_1_282' title='bbox 1456 2113 1557 2151; x_wconf 87' lang='lat' dir='ltr'>licet</span> <span class='ocrx_word' id='word_1_283' title='bbox 1586 2113 1692 2166; x_wconf 88' lang='lat' dir='ltr'>qui-</span> 
     </span>
     <span class='ocr_line' id='line_1_35' title="bbox 229 2167 1692 2229; baseline -0.008 -12"><span class='ocrx_word' id='word_1_284' title='bbox 229 2178 322 2217; x_wconf 87' lang='lat' dir='ltr'>dem</span> <span class='ocrx_word' id='word_1_285' title='bbox 347 2175 581 2229; x_wconf 86' lang='lat' dir='ltr'>conjicere,</span> <span class='ocrx_word' id='word_1_286' title='bbox 616 2171 721 2223; x_wconf 85' lang='lat' dir='ltr'>quid</span> <span class='ocrx_word' id='word_1_287' title='bbox 750 2173 921 2224; x_wconf 78' lang='grc' dir='ltr'><em>θερίζων</em></span> <span class='ocrx_word' id='word_1_288' title='bbox 945 2172 1099 2222; x_wconf 82' lang='lat' dir='ltr'>fuerit3</span> <span class='ocrx_word' id='word_1_289' title='bbox 1139 2185 1224 2208; x_wconf 84' lang='lat' dir='ltr'>non</span> <span class='ocrx_word' id='word_1_290' title='bbox 1255 2180 1393 2208; x_wconf 87' lang='lat' dir='ltr'>autem</span> <span class='ocrx_word' id='word_1_291' title='bbox 1429 2168 1582 2207; x_wconf 87' lang='lat' dir='ltr'>diserte</span> <span class='ocrx_word' id='word_1_292' title='bbox 1611 2167 1692 2206; x_wconf 90' lang='lat' dir='ltr'>do-</span> 
     </span>
     <span class='ocr_line' id='line_1_36' title="bbox 229 2225 1691 2281; baseline -0.008 -8"><span class='ocrx_word' id='word_1_293' title='bbox 229 2248 384 2273; x_wconf 86' lang='lat' dir='ltr'>cemur.</span> <span class='ocrx_word' id='word_1_294' title='bbox 446 2229 554 2269; x_wconf 84' lang='lat' dir='ltr'>Vide</span> <span class='ocrx_word' id='word_1_295' title='bbox 574 2230 738 2281; x_wconf 67' lang='lat' dir='ltr'>Zlffcnczg.</span> <span class='ocrx_word' id='word_1_296' title='bbox 759 2237 847 2269; x_wconf 80' lang='lat' dir='ltr'>not,</span> <span class='ocrx_word' id='word_1_297' title='bbox 871 2227 920 2266; x_wconf 88' lang='lat' dir='ltr'>ad</span> <span class='ocrx_word' id='word_1_298' title='bbox 950 2229 1067 2277; x_wconf 60' lang='lat' dir='ltr'>Diog.</span> <span class='ocrx_word' id='word_1_299' title='bbox 1093 2227 1226 2275; x_wconf 57' lang='lat' dir='ltr'>Lam,</span> <span class='ocrx_word' id='word_1_300' title='bbox 1252 2240 1290 2278; x_wconf 83' lang='lat' dir='ltr'>p.</span> <span class='ocrx_word' id='word_1_301' title='bbox 1320 2231 1410 2268; x_wconf 81' lang='lat'>161.</span> <span class='ocrx_word' id='word_1_302' title='bbox 1429 2227 1480 2265; x_wconf 88' lang='lat' dir='ltr'>A.</span> <span class='ocrx_word' id='word_1_303' title='bbox 1515 2234 1556 2263; x_wconf 83' lang='lat' dir='ltr'>et</span> <span class='ocrx_word' id='word_1_304' title='bbox 1576 2225 1691 2263; x_wconf 82' lang='lat' dir='ltr'>Am-</span> 
     </span>
     <span class='ocr_line' id='line_1_37' title="bbox 228 2280 1688 2339; baseline -0.008 -11"><span class='ocrx_word' id='word_1_305' title='bbox 228 2293 400 2330; x_wconf 76' lang='lat' dir='ltr'>monium</span> <span class='ocrx_word' id='word_1_306' title='bbox 434 2287 571 2339; x_wconf 81' lang='lat' dir='ltr'>ipsum</span> <span class='ocrx_word' id='word_1_307' title='bbox 594 2301 635 2338; x_wconf 87' lang='lat' dir='ltr'>p.</span> <span class='ocrx_word' id='word_1_308' title='bbox 661 2300 714 2325; x_wconf 89' lang='lat' dir='ltr'>m.</span> <span class='ocrx_word' id='word_1_309' title='bbox 741 2290 832 2328; x_wconf 77' lang='lat'>108.</span> <span class='ocrx_word' id='word_1_310' title='bbox 857 2299 891 2322; x_wconf 82' lang='lat' dir='ltr'>a.</span> <span class='ocrx_word' id='word_1_311' title='bbox 946 2285 1085 2336; x_wconf 86' lang='lat' dir='ltr'>Hujus</span> <span class='ocrx_word' id='word_1_312' title='bbox 1117 2283 1373 2321; x_wconf 85' lang='lat' dir='ltr'>solutionem</span> <span class='ocrx_word' id='word_1_313' title='bbox 1401 2281 1583 2318; x_wconf 87' lang='lat' dir='ltr'>nummis</span> <span class='ocrx_word' id='word_1_314' title='bbox 1616 2280 1688 2318; x_wconf 87' lang='lat' dir='ltr'>CC</span> 
     </span>
     <span class='ocr_line' id='line_1_38' title="bbox 228 2337 1687 2393; baseline -0.005 -9"><span class='ocrx_word' id='word_1_315' title='bbox 228 2348 377 2385; x_wconf 85' lang='lat' dir='ltr'>emisse</span> <span class='ocrx_word' id='word_1_316' title='bbox 409 2346 650 2391; x_wconf 83' lang='lat' dir='ltr'>Zenonem,</span> <span class='ocrx_word' id='word_1_317' title='bbox 692 2342 918 2379; x_wconf 83' lang='lat' dir='ltr'>memoriae</span> <span class='ocrx_word' id='word_1_318' title='bbox 949 2338 1142 2393; x_wconf 83' lang='lat' dir='ltr'>prodidit</span> <span class='ocrx_word' id='word_1_319' title='bbox 1175 2340 1292 2390; x_wconf 76' lang='lat' dir='ltr'>Diog.</span> <span class='ocrx_word' id='word_1_320' title='bbox 1318 2338 1453 2376; x_wconf 53' lang='lat' dir='ltr'>Lab-t.</span> <span class='ocrx_word' id='word_1_321' title='bbox 1478 2341 1569 2379; x_wconf 86' lang='lat'>170.</span> <span class='ocrx_word' id='word_1_322' title='bbox 1591 2337 1687 2376; x_wconf 86' lang='lat' dir='ltr'>CD.</span> 
     </span>
     <span class='ocr_line' id='line_1_39' title="bbox 226 2394 1614 2443; baseline -0.008 -3"><span class='ocrx_word' id='word_1_323' title='bbox 226 2404 327 2442; x_wconf 80' lang='lat' dir='ltr'>Vid,</span> <span class='ocrx_word' id='word_1_324' title='bbox 350 2401 474 2441; x_wconf 86' lang='lat' dir='ltr'>etiam</span> <span class='ocrx_word' id='word_1_325' title='bbox 496 2397 672 2437; x_wconf 82' lang='lat' dir='ltr'>eundem</span> <span class='ocrx_word' id='word_1_326' title='bbox 699 2402 792 2440; x_wconf 85' lang='lat'>174.</span> <span class='ocrx_word' id='word_1_327' title='bbox 818 2398 867 2434; x_wconf 87' lang='lat' dir='ltr'>E.</span> <span class='ocrx_word' id='word_1_328' title='bbox 891 2395 995 2435; x_wconf 80' lang='lat' dir='ltr'><em>Plut.</em></span> <span class='ocrx_word' id='word_1_329' title='bbox 1025 2395 1074 2434; x_wconf 86' lang='lat' dir='ltr'>de</span> <span class='ocrx_word' id='word_1_330' title='bbox 1097 2396 1209 2443; x_wconf 81' lang='lat' dir='ltr'>fato,</span> <span class='ocrx_word' id='word_1_331' title='bbox 1242 2394 1319 2431; x_wconf 90' lang='lat' dir='ltr'>sub</span> <span class='ocrx_word' id='word_1_332' title='bbox 1340 2394 1412 2432; x_wconf 85' lang='lat' dir='ltr'>fin.</span> <span class='ocrx_word' id='word_1_333' title='bbox 1448 2394 1614 2435; x_wconf 40' lang='lat' dir='ltr'>Soram«,</span> 
     </span>
    </p>

    <p class='ocr_par' dir='ltr' id='par_1_7' title="bbox 225 2451 1687 2790">
     <span class='ocr_line' id='line_1_40' title="bbox 338 2451 1687 2508; baseline -0.004 -14"><span class='ocrx_word' id='word_1_334' title='bbox 338 2456 442 2496; x_wconf 74' lang='lat' dir='ltr'>Ibicl.</span> <span class='ocrx_word' id='word_1_335' title='bbox 481 2452 759 2508; x_wconf 80' lang='grc' dir='ltr'><em>Κυριεύοντα)</em></span> <span class='ocrx_word' id='word_1_336' title='bbox 792 2454 956 2505; x_wconf 81' lang='lat' dir='ltr'>Hujus,</span> <span class='ocrx_word' id='word_1_337' title='bbox 993 2451 1088 2489; x_wconf 82' lang='lat' dir='ltr'>dum</span> <span class='ocrx_word' id='word_1_338' title='bbox 1111 2452 1190 2489; x_wconf 83' lang='lat' dir='ltr'>alia</span> <span class='ocrx_word' id='word_1_339' title='bbox 1214 2453 1343 2487; x_wconf 82' lang='lat' dir='ltr'>multa</span> <span class='ocrx_word' id='word_1_340' title='bbox 1369 2460 1555 2489; x_wconf 86' lang='lat' dir='ltr'>recenset</span> <span class='ocrx_word' id='word_1_341' title='bbox 1577 2451 1687 2489; x_wconf 76' lang='lat' dir='ltr'><em>Dio—</em></span> 
     </span>
     <span class='ocr_line' id='line_1_41' title="bbox 225 2506 1687 2569; baseline -0.007 -15"><span class='ocrx_word' id='word_1_342' title='bbox 225 2532 311 2569; x_wconf 80' lang='lat' dir='ltr'>gen.</span> <span class='ocrx_word' id='word_1_343' title='bbox 334 2515 466 2553; x_wconf 55' lang='lat' dir='ltr'>Lab-t.</span> <span class='ocrx_word' id='word_1_344' title='bbox 494 2511 653 2550; x_wconf 78' lang='lat' dir='ltr'>oblitus</span> <span class='ocrx_word' id='word_1_345' title='bbox 674 2510 864 2558; x_wconf 84' lang='lat' dir='ltr'>videtur,</span> <span class='ocrx_word' id='word_1_346' title='bbox 899 2523 992 2562; x_wconf 81' lang='lat' dir='ltr'>pag.</span> <span class='ocrx_word' id='word_1_347' title='bbox 1015 2512 1080 2551; x_wconf 83' lang='lat'>60.</span> <span class='ocrx_word' id='word_1_348' title='bbox 1102 2508 1151 2545; x_wconf 89' lang='lat' dir='ltr'>A.</span> <span class='ocrx_word' id='word_1_349' title='bbox 1174 2516 1214 2545; x_wconf 83' lang='lat' dir='ltr'>et</span> <span class='ocrx_word' id='word_1_350' title='bbox 1235 2511 1328 2549; x_wconf 75' lang='grc'>174,</span> <span class='ocrx_word' id='word_1_351' title='bbox 1355 2506 1426 2545; x_wconf 52' lang='lat' dir='ltr'>E„</span> <span class='ocrx_word' id='word_1_352' title='bbox 1466 2507 1522 2543; x_wconf 79' lang='lat' dir='ltr'>Et</span> <span class='ocrx_word' id='word_1_353' title='bbox 1543 2516 1687 2545; x_wconf 86' lang='lat' dir='ltr'>noster</span> 
     </span>
     <span class='ocr_line' id='line_1_42' title="bbox 230 2561 1684 2620; baseline -0.007 -11"><span class='ocrx_word' id='word_1_354' title='bbox 230 2573 341 2609; x_wconf 82' lang='lat' dir='ltr'>infra</span> <span class='ocrx_word' id='word_1_355' title='bbox 366 2584 397 2608; x_wconf 88' lang='lat' dir='ltr'>c.</span> <span class='ocrx_word' id='word_1_356' title='bbox 428 2572 493 2613; x_wconf 72' lang='lat'>25.</span> <span class='ocrx_word' id='word_1_357' title='bbox 554 2567 646 2605; x_wconf 84' lang='lat' dir='ltr'>Nec</span> <span class='ocrx_word' id='word_1_358' title='bbox 669 2565 771 2620; x_wconf 88' lang='lat' dir='ltr'>quid</span> <span class='ocrx_word' id='word_1_359' title='bbox 794 2566 873 2614; x_wconf 81' lang='lat' dir='ltr'>sit,</span> <span class='ocrx_word' id='word_1_360' title='bbox 907 2567 1146 2616; x_wconf 82' lang='lat' dir='ltr'>conjectura</span> <span class='ocrx_word' id='word_1_361' title='bbox 1172 2561 1345 2615; x_wconf 84' lang='lat' dir='ltr'>adsequi</span> <span class='ocrx_word' id='word_1_362' title='bbox 1372 2576 1567 2614; x_wconf 76' lang='lat' dir='ltr'>possum3</span> <span class='ocrx_word' id='word_1_363' title='bbox 1601 2562 1684 2600; x_wconf 89' lang='lat' dir='ltr'>nisi</span> 
     </span>
     <span class='ocr_line' id='line_1_43' title="bbox 232 2618 1683 2680; baseline -0.007 -16"><span class='ocrx_word' id='word_1_364' title='bbox 232 2628 326 2680; x_wconf 88' lang='lat' dir='ltr'>quis</span> <span class='ocrx_word' id='word_1_365' title='bbox 349 2627 488 2663; x_wconf 87' lang='lat' dir='ltr'>forsan</span> <span class='ocrx_word' id='word_1_366' title='bbox 508 2625 721 2676; x_wconf 77' lang='grc' dir='ltr'><em>κερατίνην</em></span> <span class='ocrx_word' id='word_1_367' title='bbox 745 2624 810 2659; x_wconf 89' lang='lat' dir='ltr'>vel</span> <span class='ocrx_word' id='word_1_368' title='bbox 831 2619 1034 2673; x_wconf 67' lang='grc' dir='ltr'><em>κεράτινον</em></span> <span class='ocrx_word' id='word_1_369' title='bbox 1059 2633 1261 2671; x_wconf 84' lang='lat' dir='ltr'>reponere</span> <span class='ocrx_word' id='word_1_370' title='bbox 1295 2619 1422 2667; x_wconf 77' lang='lat' dir='ltr'>velit,</span> <span class='ocrx_word' id='word_1_371' title='bbox 1456 2618 1571 2671; x_wconf 88' lang='lat' dir='ltr'>quod</span> <span class='ocrx_word' id='word_1_372' title='bbox 1598 2619 1683 2655; x_wconf 84' lang='lat' dir='ltr'>mi·-</span> 
     </span>
     <span class='ocr_line' id='line_1_44' title="bbox 229 2674 1679 2734; baseline -0.008 -12"><span class='ocrx_word' id='word_1_373' title='bbox 229 2685 341 2722; x_wconf 87' lang='lat' dir='ltr'>nime</span> <span class='ocrx_word' id='word_1_374' title='bbox 362 2684 518 2734; x_wconf 85' lang='lat' dir='ltr'>placet,</span> <span class='ocrx_word' id='word_1_375' title='bbox 552 2679 633 2717; x_wconf 83' lang='lat' dir='ltr'>nisi</span> <span class='ocrx_word' id='word_1_376' title='bbox 655 2677 824 2716; x_wconf 82' lang='lat' dir='ltr'>accedat</span> <span class='ocrx_word' id='word_1_377' title='bbox 845 2679 1022 2728; x_wconf 83' lang='lat' dir='ltr'>alicujus</span> <span class='ocrx_word' id='word_1_378' title='bbox 1047 2674 1218 2714; x_wconf 80' lang='lat' dir='ltr'>Codicis</span> <span class='ocrx_word' id='word_1_379' title='bbox 1243 2674 1483 2713; x_wconf 76' lang='lat' dir='ltr'>auctoritas.</span> <span class='ocrx_word' id='word_1_380' title='bbox 1517 2674 1679 2713; x_wconf 70' lang='lat' dir='ltr'>SoLArt.</span> 
     </span>
     <span class='ocr_line' id='line_1_45' title="bbox 229 2729 1677 2790; baseline -0.008 -12"><span class='ocrx_word' id='word_1_381' title='bbox 229 2740 344 2779; x_wconf 89' lang='lat' dir='ltr'>Idem</span> <span class='ocrx_word' id='word_1_382' title='bbox 365 2737 634 2790; x_wconf 81' lang='lat' dir='ltr'>syllogismus</span> <span class='ocrx_word' id='word_1_383' title='bbox 654 2734 838 2774; x_wconf 82' lang='lat' dir='ltr'>occurrit</span> <span class='ocrx_word' id='word_1_384' title='bbox 852 2733 1207 2773; x_wconf 72' lang='lat' dir='ltr'>Plutav·clz.Praec.</span> <span class='ocrx_word' id='word_1_385' title='bbox 1224 2730 1355 2773; x_wconf 81' lang='lat' dir='ltr'>Sanit.</span> <span class='ocrx_word' id='word_1_386' title='bbox 1376 2729 1677 2782; x_wconf 76' lang='lat' dir='ltr'>tuend.p.133.</span> 
     </span>
    </p>
   </div>
  </div>
 </body>
</html>
