1781 3174
225 219 326 265 480
581 224 1337 259 Aumo'sa'rlouus

226 327 303 367 nio
326 325 468 380 digna.
526 322 638 363 Nam
663 319 1014 376 quemadmodum
1038 319 1243 375 strigosus
1265 319 1505 375 argumenti
1533 319 1686 366 index,

230 383 472 434 cuicunque
495 380 608 418 libro
644 377 840 426 additus,
869 376 983 415 nihil
1008 376 1137 416 habet
1167 377 1423 430 elegantiae,
1456 375 1690 416 veteribus·

229 454 313 494 que
331 450 550 489 nunquam
573 434 700 473 facile
720 433 764 471 in
787 448 868 471 usu
897 433 1006 483 fuit,
1039 433 1099 470 ita
1129 432 1336 485 imprimis
1366 431 1548 486 Dialogi
1578 446 1691 470 sum-

229 510 338 534 mam
360 493 404 531 in
430 493 514 530 sine
534 489 704 544 frigidis
731 488 872 528 verbis
894 498 1083 542 repetere
1111 489 1253 542 putidi
1281 489 1476 541 profecto
1509 487 1692 540 scripto-

228 553 287 591 ris
309 559 392 596 est,
435 549 596 600 quique
632 546 765 599 magis
798 545 1119 598 inelegantioris
1156 545 1304 584 aetatis
1337 544 1693 591 Grammafficum,

227 609 299 647 vel
319 604 612 652 Scholiasten,
644 616 767 657 quam
787 601 1036 650 Laeuinum,
1067 602 1204 641 mellis
1228 600 1364 639 Attici
1388 600 1693 654 plenissimum,

230 671 395 716 aequet.
431 660 588 701 Lmnvr.

342 716 446 756 Ead.
473 718 499 755 l·
518 721 558 760 3.
598 712 777 769 Τύμβοι)
807 714 877 753 De
897 713 1134 753 hecatombis
1160 726 1214 752 ne
1244 712 1420 751 minima
1451 710 1623 767 quidem
1649 709 1695 748 in

229 772 314 813 hoc
335 774 544 825 opusculo
577 772 762 820 mentio,
792 769 947 809 nedum
971 779 1021 808 ut
1050 784 1145 823 pars
1180 769 1270 807 sint
1301 768 1406 808 adeo
1441 767 1696 820 conspicua,

231 840 282 867 ut
302 830 347 867 in
369 827 514 866 indice
542 827 663 881 quasi
691 826 882 873 itineris,
923 834 996 868 aut
1023 825 1259 864 rationario
1294 824 1525 864 charontis
1555 826 1698 862 locum

233 885 433 926 habeant.
493 883 749 937 Agnoscunt
787 891 927 921 tamen
968 895 1111 921 omnes
1146 881 1248 919 libri
1282 879 1517 934 ἑκατόμβαι·
1575 880 1696 918 male.

231 943 349 994 Lege
369 954 463 979 meo
492 938 686 992 periculo
704 938 858 992 τύμβοι.
916 937 1102 977 Verbum
1126 937 1336 976 neminem
1364 936 1444 975 hac
1467 935 1518 975 de
1537 950 1581 974 re
1614 949 1697 973 me-

234 1012 329 1036 cum
353 995 479 1035 credo
502 1004 881 1042 commutaturum,
914 993 987 1048 qui
1022 992 1191 1047 quidem
1221 991 1436 1047 dialogum
1458 991 1698 1045 perlegerit.

233 1053 286 1093 In
308 1052 451 1092 eadem
468 1066 574 1090 voce
595 1052 749 1090 iterum
774 1065 873 1089 mox
894 1052 1101 1103 opusculo
1133 1048 1331 1103 sequenti
1362 1056 1584 1103 peccatum
1611 1060 1700 1086 esse

232 1108 415 1149 videbis.
449 1108 618 1148 SOLAN.

346 1164 454 1206 Ibid.
485 1164 687 1218 Χείρωνος
707 1162 778 1220 δὲ)
817 1161 1003 1206 Θανάτου
1019 1162 1075 1205 δέ.
1105 1163 1253 1202 Bnon.

415 1550 521 1599 IN
590 1529 1532 1597 DE'sAcRIFICIIS.

347 1703 449 1762 Pag.
477 1709 545 1753 74.
566 1711 595 1751 1.
620 1714 658 1753 3.
692 1702 946 1761 Προςόδοις)
976 1704 1100 1746 Dem.
1125 1719 1168 1759 p.
1193 1677 1369 1749 m.l159.
1391 1704 1442 1744 Β.
1474 1704 1645 1744 ΒοιΑΝ.

350 1788 451 1841 Pag.
474 1790 542 1832 75.
566 1789 594 1827 l.
618 1792 658 1830 2.
694 1782 920 1837 Καταφὴς)
950 1782 1188 1825 Subtristis,
1221 1780 1244 1824 ὁ
1268 1784 1365 1836 ἔχων
1396 1779 1501 1824 κάτω
1531 1781 1578 1826 τὰ
1613 1778 1701 1836 φάη

235 1839 367 1900 ἤγουν
416 1842 512 1892 τούς
548 1839 800 1896 ὀφθαλμούς.
845 1839 1014 1880 Vons'r.
1087 1836 1288 1890 Καταφης
1329 1838 1380 1878 de
1431 1837 1702 1878 industriane

234 1900 452 1954 scripserit
479 1900 675 1947 Vorstius,
709 1913 760 1936 an
784 1911 885 1936 casu
901 1910 943 1936 se
964 1893 1072 1934 illud
1094 1896 1138 1934 in
1157 1895 1427 1935 Reitzianam
1450 1893 1701 1944 editionem,

232 1968 277 1997 et
300 1957 401 1995 hinc
422 1957 467 1994 in
487 1955 791 2008 Bipontinam,
823 1951 1131 1998 insinuaverit,
1162 1966 1250 1991 non
1272 1951 1437 2004 liquet:
1479 1959 1591 1989 certe
1620 1963 1702 1988 usu

232 2022 403 2065 recepta
424 2010 612 2064 κατηφὴς
632 2020 673 2051 et
693 2015 887 2063 κατηφεῖν
906 2008 1114 2062 originem
1136 2022 1250 2055 eam,
1285 2020 1410 2059 quam
1433 2004 1616 2046 Vorstius
1635 2005 1703 2044 in·

235 2068 362 2119 dicat,
394 2082 492 2109 vere
505 2082 605 2120 prae
624 2082 668 2106 se
685 2068 852 2116 ferunt3
884 2074 926 2104 et
943 2063 1298 2117 quemadmodum
1318 2068 1567 2116 κατηγορεῖν,
1601 2077 1703 2116 παρ·

231 2131 418 2180 ηγορεΐν,
458 2123 653 2176 ἐπήκοος,
697 2121 912 2174 κατήκοος,
953 2118 1147 2172 ἑκηβόλος
1180 2129 1223 2158 et
1258 2118 1341 2157 alia
1374 2117 1489 2157 haud
1537 2132 1701 2170 pauca,

234 2195 287 2219 ex
329 2180 619 2235 antiquissimi
659 2178 862 2228 Ionismi‚
912 2185 961 2216 ut
992 2174 1190 2224 videtur,
1230 2184 1382 2212 natura
1420 2170 1700 2226 prodierunt,

232 2242 340 2284 (nec
364 2236 536 2285 definit,
569 2250 646 2274 nec
664 2234 885 2282 exhaurit,
918 2247 1002 2272 ren-1
1026 2230 1237 2286 aliquanti
1268 2229 1451 2268 ambitus
1477 2226 1700 2268 Lobeckius

231 2293 422 2331 Doctiss.
446 2292 497 2331 ad
520 2287 727 2346 Phrynicli.
754 2301 793 2344 p.
814 2295 909 2335 698.
935 2295 1031 2342 sq.)
1060 2288 1120 2328 ita
1149 2297 1191 2326 et
1209 2283 1396 2339 κατηφὴς
1421 2285 1650 2323 manifesto
1674 2298 1700 2324 a

232 2348 355 2399 κατά,
405 2362 541 2403 neque
578 2357 718 2387 tamen
751 2347 945 2399 proxime
974 2358 994 2382 a
1027 2342 1157 2393 κάτω,
1209 2353 1252 2382 et
1279 2341 1406 2394 φάος,
1450 2338 1694 2389 descendit,

233 2404 344 2458 quod
373 2405 511 2457 ipsum
542 2414 582 2443 et
605 2417 703 2441 usus
733 2405 823 2457 ejus
857 2402 1045 2442 solennis
1079 2400 1286 2439 declarat}
1318 2410 1413 2434 nam
1448 2399 1700 2449 plerumque

233 2471 461 2512 usurpatur
481 2460 532 2499 de
552 2460 737 2511 demisso,
771 2460 799 2498 i.
822 2473 857 2501 e.
882 2458 1021 2506 tristi,
1051 2456 1187 2506 vultu,
1219 2463 1269 2493 ut
1292 2449 1491 2506 Euripid.
1512 2448 1697 2493 Heracli.

233 2529 274 2556 v.
298 2521 393 2561 633.

458 2574 502 2613 Τί
522 2573 656 2627 χρῆμα
673 2577 818 2622 κεῖσαι,
854 2568 920 2613 καὶ
941 2567 1116 2622 κατηφὲς
1143 2559 1241 2619 ὄμμ’
1261 2567 1387 2620 &xum

234 2636 277 2667 et
301 2627 471 2668 verbum
493 2635 688 2682 κατηφεῖν
708 2627 903 2668 similiter
925 2628 970 2665 in
992 2622 1130 2679 Ejusd.
1150 2622 1266 2663 Med.
1285 2639 1326 2664 v.
1348 2625 1470 2665 1012.

462 2687 507 2724 Τί
521 2683 570 2736 δὴ
594 2690 789 2737 κατηφεῖς
808 2683 934 2736 ὄμμα,
966 2684 1035 2724 καὶ
1055 2681 1334 2734 δακρυῤῥοεῖςς

238 2738 378 2793 Quare
404 2740 547 2779 Noster
568 2741 656 2780 fere
691 2738 876 2793 κατηφὴς
896 2749 938 2779 et
967 2734 1212 2792 σκυθρωπὸς
1231 2730 1479 2790 conjungit,
1511 2745 1693 2787 praeser-
