1781 3174
245 179 343 237 656
632 175 1384 222 'ADNOT'ATIONES

245 304 308 333 ter
328 288 508 331 Belinum
538 289 650 328 inter
675 286 789 326 varia
821 286 999 326 consilia
1031 285 1302 326 fluctuantem
1319 317 1330 336 ,
1368 285 1521 325 Gailius
1539 285 1583 323 in
1606 285 1696 323 Di-

245 363 382 389 verses
415 345 578 385 Traites
605 354 683 384 etc.
715 358 755 396 p.
778 347 843 387 525.
877 344 1109 394 (referente
1141 344 1325 382 Censore
1358 342 1458 380 edit.
1488 341 1696 380 Schmietl.

245 404 368 444 Tomi
396 404 428 443 I.
451 403 494 439 in
518 399 818 453 premeridd.
835 400 1024 440 Jenenss.
1045 413 1077 439 a.
1105 405 1225 443 1800.
1251 400 1376 437 Num.
1393 404 1484 441 122.
1511 399 1696 451 p.240.)‚

244 463 387 500 forsan
421 459 545 496 etiam
580 457 687 494 idem
718 456 789 494 hic
812 470 982 504 censor,
1011 464 1052 494 et
1076 456 1342 494 Sclzmieclcrus
1362 465 1510 508 Postea
1543 454 1694 507 ipsein

244 520 366 556 Tom.
395 515 452 553 Π.
472 528 513 566 p.
535 513 807 562 XXXVIIL,
841 512 1022 563 denique
1058 510 1098 551 C.
1125 511 1170 552 G.
1193 513 1364 551 Jacobns
1385 512 1427 548 in
1457 511 1565 549 Bibl.
1591 511 1696 548 Crit.

243 573 408 614 Hildes.
433 573 481 611 T.
505 571 540 608 I.
564 570 677 613 Fasc.
699 574 736 610 2.
762 579 802 607 et
823 574 863 612 3.
885 583 925 621 p.
949 573 1042 610 280.
1068 583 1127 621 sq.
1185 569 1276 606 Nec
1298 566 1562 604 diffitendum
1582 580 1696 615 sane,

243 631 279 668 si
303 625 550 680 corrigenda
570 625 625 663 sit
647 624 832 663 omnium
864 626 1039 662 omnino
1067 634 1230 676 praeter
1253 623 1350 663 Coll.
1377 623 1580 661 librorum
1604 625 1700 661 lec-

241 687 328 732 tio,
373 683 482 721 hanc
512 682 718 737 rationem
748 681 934 719 omnium
969 680 1170 732 optimam
1204 679 1436 718 habendam
1467 693 1570 718 esse.
1641 680 1698 716 At

241 756 329 780 non
361 749 446 789 est,
480 737 596 791 quod
627 737 884 791 corrigamus
917 737 1052 789 ipsius
1082 737 1257 775 Lucicmi
1287 750 1466 776 manum,
1527 735 1698 773 Amavit

241 798 353 837 enim
374 796 555 847 scriptor
583 804 727 832 noster
751 793 921 833 verbum
951 796 1100 834 σαίνειν
1122 807 1206 830 non
1230 794 1364 829 solum
1390 791 1588 843 prop-rio,
1624 789 1693 828 sed

239 855 365 894 etiam
391 853 607 895 translato,
640 864 765 888 sensu
787 849 999 889 adhibere.
1064 849 1204 902 Quum
1228 849 1338 886 enim
1363 847 1535 900 proprie
1559 850 1625 885 vel
1647 846 1698 885 de

240 909 413 949 canibus
443 910 517 958 (ut
539 906 680 960 Fugit.
702 920 734 943 c.
763 908 856 954 16.)
887 909 955 943 vel
987 905 1036 944 de
1066 904 1265 943 leonibus
1297 909 1374 952 (ut
1405 904 1537 941 Diall.
1564 904 1696 943 Deor,

237 967 339 1015 XII,
360 966 425 1012 2.)
449 966 518 1001 vel
542 963 666 1000 etiam
696 961 746 999 de
766 961 917 1000 belluis
940 962 1111 1000 marinis
1134 971 1194 1008 (ut
1212 961 1401 1011 Philops.
1427 963 1572 1009 e.34.)‚
1604 973 1697 997 cau-

240 1022 312 1060 das
337 1019 596 1058 adulationis
624 1032 764 1056 caussa
793 1019 1095 1069 quatientibus,
1129 1017 1306 1066 dicatur,
1341 1017 1619 1068 maximeque,
1653 1014 1696 1052 id

240 1077 353 1131 quod
377 1076 460 1114 duo
494 1084 703 1127 postrema
730 1077 917 1127 exempla
944 1078 1052 1113 clare
1080 1074 1254 1123 docent,
1289 1073 1388 1111 feris
1411 1072 1580 1122 bestiis,
1614 1074 1695 1124 jam

239 1133 412 1173 domitis
435 1142 475 1171 et
505 1130 555 1169 ad
579 1129 943 1169 mansuetudinem
967 1130 1169 1177 redactis,
1204 1129 1439 1167 tribuatur:
1474 1130 1631 1180 optime
1657 1127 1694 1167 li.

236 1194 264 1230 1.
287 1206 308 1229 a
328 1189 463 1228 libelli
485 1197 658 1226 auctore
682 1189 833 1227 σαίνειν
853 1185 936 1224 dici
964 1187 1108 1238 potuit
1127 1187 1174 1236 is,
1209 1200 1330 1238 quem
1353 1183 1477 1222 modo
1501 1182 1697 1225 τιθασσόν

236 1248 398 1286 factum
431 1243 766 1297 significaverat,
799 1242 825 1280 i.
847 1258 878 1283 e.
905 1243 1188 1281 remissiorem
1217 1256 1263 1279 ac
1292 1241 1526 1279 molliorem
1556 1241 1600 1277 in
1628 1241 1694 1289 iis,

238 1317 346 1356 quae
366 1311 486 1339 antea
508 1300 757 1338 somniasset
780 1296 1145 1352 (ὀνειροπολήσας)
1164 1298 1246 1336 sibi
1270 1296 1523 1350 postulanda
1546 1305 1587 1335 et
1615 1311 1696 1335 ex—

235 1356 485 1411 spectanda,
518 1355 763 1409 ingentibus
791 1355 931 1395 bonis.
992 1355 1111 1408 Quae
1142 1353 1313 1407 quidem
1337 1353 1458 1390 notio
1481 1367 1572 1390 cum
1596 1353 1696 1389 uni-

234 1429 355 1454 verso
388 1416 484 1451 loco
518 1412 623 1450 adeo
659 1411 763 1450 bene
794 1411 1016 1457 convenit,
1048 1421 1095 1448 ut
1125 1424 1295 1461 prorsus
1328 1423 1412 1446 non
1439 1409 1688 1461 intelligam,

236 1468 451 1524 quomodo
473 1468 589 1521 quis,
622 1467 657 1504 si
687 1481 772 1505 non
798 1468 912 1505 omni
938 1467 1101 1520 judicio
1128 1475 1286 1514 careat,
1321 1464 1372 1502 ad
1397 1464 1516 1501 aliam
1541 1478 1696 1516 quam—-

235 1540 403 1578 cunque
437 1524 687 1563 sententiam
723 1524 930 1561 inclinare
956 1523 1158 1575 potuerit.
1221 1522 1376 1560 Verum
1404 1519 1585 1558 offendit
1615 1522 1694 1559 Ae-

236 1582 450 1621 cusativus
473 1580 552 1628 rei,
585 1577 659 1630 τήν
678 1576 906 1631 ὑπόσχεσιν.
969 1578 1118 1631 Quid?
1158 1578 1342 1615 aliumne
1374 1586 1444 1625 tu,
1476 1577 1511 1613 si
1538 1578 1695 1615 Graece

234 1640 407 1681 calleas,
442 1646 483 1673 et
514 1650 732 1689 quemnam
767 1637 919 1683 alium,
952 1633 1211 1673 desiderabis
1243 1647 1407 1681 casum,
1440 1647 1523 1685 quo
1549 1647 1692 1671 caussa

232 1698 308 1735 τοῦ
330 1695 480 1733 σαίνειν
499 1691 686 1730 breviter
706 1700 746 1729 et
771 1692 955 1744 graviter
978 1686 1268 1741 exprimatur?
1313 1689 1412 1727 Sive
1436 1693 1596 1729 σκοπῶν
1619 1691 1694 1726 in*

232 1750 424 1802 telligas,
467 1748 557 1786 sive
578 1745 699 1797 κατὰ,
741 1750 830 1786 sive
856 1747 981 1785 etiam
1016 1745 1104 1795 διὰ,
1150 1748 1299 1786 σαίνειν
1317 1746 1352 1785 τὶ
1385 1744 1434 1782 ad
1460 1746 1692 1797 genuinum

233 1807 521 1845 Graecismum
552 1813 697 1841 exacte
727 1804 884 1841 dictum
918 1802 967 1842 de
998 1817 1070 1849 eo,
1114 1802 1188 1854 qui
1220 1801 1357 1839 adhuc
1383 1800 1600 1838 blanditur
1630 1805 1696 1851 (et

232 1861 336 1911 sibi,
370 1870 411 1900 et
435 1860 626 1908 domino)
660 1859 823 1898 ratione
853 1859 969 1896 illius
993 1858 1324 1910 pollicitationis
1355 1856 1521 1905 habita,
1553 1858 1698 1910 respi-

234 1918 349 1957 ciens
383 1925 521 1956 mente
549 1925 589 1953 et
621 1919 842 1955 revolvens
873 1930 942 1964 ea,
976 1929 1082 1967 quae
1103 1914 1229 1952 modo
1256 1913 1347 1965 ipse
1373 1912 1569 1950 dominus
1592 1927 1696 1965 pro-

230 1973 427 2012 misisset.
490 1971 666 2010 Comice
703 1982 838 2010 autem
868 1971 910 2008 id
936 1971 1118 2020 dictum,
1153 1981 1200 2008 ut
1225 1970 1378 2008 Latine
1405 1969 1479 2007 vix
1500 1968 1692 2009 imiteris.

237 2028 480 2070 Wielamlius
504 2029 649 2067 vertit:
684 2027 739 2065 du
759 2027 909 2065 duckst
930 2027 1043 2073 dich,
1077 2041 1123 2065 so
1142 2036 1216 2080 gut
1237 2026 1291 2063 du
1310 2025 1478 2063 kannst.
1539 2024 1695 2063 Omisit

229 2100 330 2139 ergo
361 2084 433 2136 τήν
464 2081 698 2135 ὑπόσχεσιν,
744 2084 858 2136 quod
888 2087 1043 2122 nollem
1073 2083 1253 2131 factum,
1286 2097 1338 2121 ne
1368 2095 1454 2119 vox
1481 2080 1694 2132 superflua

229 2142 342 2179 forte
365 2140 589 2181 videretur.
649 2139 861 2192 Equidem
884 2139 1121 2178 vertissem:
1156 2137 1370 2178 Dennoch
1392 2137 1500 2174 kirrt
1519 2136 1614 2174 dich
1637 2141 1693 2189 je-

228 2211 303 2235 nes
325 2196 634 2248 Versprechen.
699 2197 894 2235 Ceterum
917 2195 1025 2234 idem
1049 2195 1234 2243 Jacobus,
1270 2194 1342 2246 qui
1362 2191 1601 2231 Schmiesleri
1622 2207 1691 2232 ne-

231 2252 478 2307 gligentiam
504 2254 547 2290 in
576 2252 847 2291 describenda
881 2252 1005 2304 hujus
1033 2251 1120 2288 loci
1154 2253 1353 2289 varietate
1379 2249 1577 2286 lectionis
1612 2263 1692 2287 no-

230 2309 399 2347 tandam
422 2318 542 2361 putat
564 2331 613 2338 —-
637 2318 679 2346 at
699 2310 788 2359 ipse
809 2307 1089 2354 Sclmniederus,
1124 2321 1144 2344 a
1168 2320 1339 2344 censore
1359 2305 1560 2353 monitus,
1592 2319 1690 2343 mox

230 2365 432 2403 vitiolum
464 2363 576 2402 istud
609 2364 651 2401 in
690 2366 826 2402 Tomo
864 2363 1049 2403 secundo
1085 2362 1326 2400 emendavit
1351 2364 1379 2400 1.
1413 2374 1445 2400 ο.
1478 2381 1531 2388 -
1564 2359 1688 2409 idem,

230 2420 419 2473 inquam,
452 2420 697 2473 gravissime
718 2420 877 2458 labitur
898 2434 964 2469 eo,
998 2418 1110 2471 quod
1132 2419 1356 2456 lectionem
1384 2417 1547 2464 σαίνεις,
1582 2429 1688 2469 quae

231 2478 465 2514 communis
489 2485 549 2514 est
574 2476 760 2514 omnium
780 2473 1193 2524 librorum‚BcZiniet
1209 2471 1446 2522 Sclzmicdcrr‘
1471 2475 1688 2524 conjectu-

228 2546 297 2570 rae
314 2532 489 2576 tribuit,
523 2542 564 2570 et
590 2532 666 2569 sul)
691 2531 982 2569 adnotationis
1008 2545 1105 2568 suae
1129 2530 1250 2568 finem
1274 2529 1374 2565 haec
1397 2526 1537 2566 addit:
1568 2527 1687 2576 „Ce-

229 2597 363 2626 terum
398 2588 567 2626 verbum
596 2590 746 2629 σαίνειν
775 2588 816 2625 in
845 2593 887 2625 h.
914 2591 942 2626 1.
975 2588 1112 2624 minus
1141 2599 1206 2623 me
1242 2583 1493 2626 offenderet.
1527 2583 1562 2620 si
1593 2582 1686 2637 quis

229 2642 367 2682 codex
402 2646 469 2683 vel
499 2654 622 2684 vetus
649 2643 782 2684 editio
809 2643 1068 2687 addixerit,“
1127 2643 1237 2694 Ergo
1272 2639 1385 2678 haud
1413 2637 1542 2678 dubie
1564 2641 1684 2680 nullo
