1781 3174
211 195 309 246 588
558 203 1317 240 ΛυΝοΤΑΤιοΝΕε

209 306 496 361 Philosophia
529 304 619 344 dici
652 318 820 344 necesse
845 311 929 342 est:
961 303 1355 344 convenientiorem
1385 307 1518 346 multo
1553 306 1675 346 Con-

208 365 452 420 junctivum
471 376 561 403 esse
578 371 708 415 patet.
745 362 905 402 me,

320 442 426 483 Ibicl.
454 441 562 494 ’Ήδη
589 437 748 489 αὐτούς.
807 444 906 480 ΠΛ.
937 435 1074 493 ἡμᾶς)
1111 441 1178 480 Ita
1209 441 1368 495 optime
1398 442 1670 498 depravatum

207 501 328 555 prius
350 499 467 538 hunc
489 502 633 537 locum
662 498 898 536 restituunt
921 496 1046 551 Angl.
1067 507 1109 536 et
1130 499 1216 539 Ms.
1246 499 1318 538 Gr.
1374 500 1427 538 In
1455 500 1550 540 edd.
1578 498 1674 554 ἤδη.

211 564 306 600 ΠΛ.
339 553 488 604 αὐτους
514 553 634 609 ἡμᾶς,
674 553 843 592 SOLAN.
904 552 1030 592 Certa
1053 568 1118 593 res
1143 555 1415 595 confirmatur
1430 558 1557 597 etiam
1579 557 1672 598 cod.

207 617 334 660 2954.
376 614 534 651 LEnM.

322 668 421 723 Pag.
449 672 543 711 177.
570 670 597 708 1.
621 672 660 710 2.
703 663 921 722 Χρήμασι)
961 665 1083 720 Quae
1113 666 1225 708 inter
1251 667 1363 710 bona
1397 680 1678 712 annumerant

208 725 500 780 Peripatetici.
539 724 685 763 Bnon.

324 783 424 836 Pag.
441 785 539 825 178.
561 783 590 819 1.
611 785 649 824 7.
686 779 885 834 Θέρμους)
916 780 1028 819 Dixi
1050 779 1098 820 ad
1112 782 1288 822 Petronii
1303 782 1469 837 lupinos.
1493 784 1673 824 Bomm.

322 838 430 881 Ead.
452 839 482 878 l.
502 843 542 882 8.
567 835 738 890 ’Ἀρ-τους
755 840 834 877 τῶν
856 834 1165 893 αὐτοπυριτῶν)
1194 840 1312 878 Haec
1334 841 1474 879 omnia
1493 838 1537 878 in
1557 841 1677 879 Dia-

208 899 297 951 log.
321 897 456 936 Mort.
479 903 525 933 et
545 894 591 932 in
612 893 777 947 Catapl.
811 894 990 937 Bounn.

324 962 476 1005 Ead.1.
501 965 541 1005 9.
574 962 659 1003 Καὶ
683 964 933 1016 μαχαιρίδων
953 960 1149 1017 θυτικὸν)
1181 964 1388 1018 Secespita.
1433 963 1602 1006 CasauB.
1626 963 1680 1004 ad

212 1022 319 1062 Suet.
341 1021 453 1074 Aug.
476 1019 595 1072 (imo
616 1018 712 1058 Tib.
734 1019 826 1070 25.)
851 1018 948 1058 dico
972 1020 1066 1059 fuse
1087 1020 1205 1059 alibi.
1249 1022 1428 1060 Boum).

324 1098 428 1140 Ead.
450 1101 479 1139 l.
504 1103 569 1142 10.
603 1101 879 1152 Μαχαιρίδιον
895 1097 1095 1151 θυτικὸν)
1127 1101 1270 1138 Placet
1289 1098 1485 1142 πυθικόν.
1520 1105 1683 1155 Μαχαι-

211 1160 344 1212 ρίδιον
363 1153 568 1205 πυθικόν,
599 1155 833 1208 Delphicum
853 1155 1048 1208 gladium.
1079 1157 1223 1195 BROD.
1282 1156 1488 1196 Broclaeus
1502 1159 1681 1213 μαχαιρί-

213 1219 301 1256 διον
328 1210 533 1262 πυθικόν,
573 1211 809 1264 Delphicum
837 1212 1031 1265 gladium.
1091 1214 1247 1252 Verum
1281 1210 1417 1266 ἀτυχεῖ
1438 1212 1545 1255 πάνυ
1576 1218 1678 1257 λίαν.

211 1269 414 1310 Dixisset
445 1268 588 1307 saltim
611 1267 874 1320 Delphicum
907 1272 1102 1308 cultrum.
1162 1268 1244 1309 Sed
1270 1284 1410 1323 neque
1438 1269 1522 1309 hoc
1543 1285 1683 1325 neque

213 1325 323 1366 illud
343 1326 550 1365 Lucianus
571 1324 727 1372 voluit,
748 1339 891 1363 verum
913 1325 1100 1380 intelligi
1123 1329 1374 1379 uccxaaoidtfov
1397 1325 1567 1369 θυτικὸν
1587 1330 1684 1366 cul-

211 1385 360 1423 tellum
394 1380 770 1426 sacrificatorium,
803 1380 895 1419 sive
925 1384 1105 1419 cultrum
1139 1382 1190 1420 ad
1216 1382 1443 1432 sacrificia,
1477 1397 1524 1421 ac
1548 1385 1682 1422 festos

213 1439 306 1478 dies
335 1447 459 1491 atque
491 1440 654 1489 epulas.
717 1437 864 1476 Culter
892 1437 1135 1488 Delphicus
1163 1439 1451 1478 necessitatis:
1484 1443 1680 1478 cultellus

212 1493 547 1534 sacrificatorius
571 1492 819 1533 deliciarum
839 1502 880 1531 et
909 1494 1157 1545 voluptatis.
1218 1495 1318 1533 Non
1343 1495 1591 1549 perstringit
1611 1510 1685 1533 au-

213 1561 296 1589 tem
319 1564 384 1588 res
413 1549 464 1588 ad
486 1564 610 1587 usum
645 1549 824 1598 hujusce
844 1548 1001 1600 Cynici
1029 1552 1136 1588 ullas
1155 1551 1380 1601 Lucianus,
1401 1552 1446 1589 in
1467 1566 1564 1604 pera
1592 1555 1684 1605 ejus

214 1607 433 1652 inventas,
468 1605 542 1644 sed
568 1620 676 1658 quae
703 1619 955 1643 summarum
981 1604 1229 1644 deliciarum
1254 1607 1362 1657 sint,
1394 1610 1579 1662 χρυσίον,
1611 1612 1684 1661 μῦ-

215 1680 313 1718 ρον,
356 1663 608 1716 μαχαιρίδων
638 1660 829 1712 θυτικὸν,
871 1658 1119 1713 κάτοπτρον,
1151 1660 1316 1716 κύβους.
1376 1666 1562 1714 Aurum,
1594 1679 1686 1703 un·-

215 1729 444 1775 guentum‚
489 1720 710 1757 cultellum
751 1717 802 1756 ad
844 1717 1072 1768 sacrificia,
1114 1723 1356 1771 speculum,
1400 1729 1575 1760 tesseras
1604 1730 1685 1761 etc.

216 1775 573 1829 quemadmodum
610 1773 944 1812 sacrificationes
984 1775 1139 1828 gumiis
1181 1779 1400 1829 epularum
1439 1778 1686 1816 occasiones

215 1832 402 1881 fuerint,
435 1835 614 1885 longum
636 1830 770 1869 fuerit
792 1844 907 1868 nunc
925 1830 1184 1871 edissertate.
1223 1833 1437 1877 MAncm,
1496 1834 1567 1873 De
1589 1833 1687 1886 hoc,

216 1888 318 1926 dum
338 1890 500 1943 reliqua
522 1897 742 1926 enumerat
763 1896 804 1926 et
826 1897 1005 1937 enarrat,
1039 1887 1279 1927 scholiastes
1300 1892 1428 1928 altum
1449 1899 1583 1942 tacet3
1615 1904 1689 1930 ne-

217 1959 300 1997 que
331 1947 433 1983 satis
463 1945 628 1996 liquet,
663 1942 876 1996 quodnam
909 1942 991 1981 hoc
1015 1944 1343 1983 instrumentum
1364 1946 1509 1986 fuerit.
1569 1945 1687 1986 Hinc

217 2000 443 2039 doctorum
479 2003 776 2053 conjecturae,
808 1998 960 2054 quibus
993 2015 1124 2039 meam
1153 2001 1279 2039 etiarn
1311 2001 1475 2042 addam.
1538 2003 1583 2043 Si
1616 2017 1690 2057 ge·

214 2059 351 2096 nuina
373 2056 478 2096 haec
499 2056 625 2095 verba
648 2066 762 2105 sunt,
785 2055 835 2095 de
856 2069 940 2108 quo
960 2065 1010 2094 ut
1029 2056 1292 2108 addubitem,
1313 2058 1418 2096 facit
1439 2058 1690 2099 Scholiastae

215 2128 239 2151 a
262 2126 327 2152 me
357 2116 439 2166 jam
466 2122 744 2151 memoratum
767 2111 1010 2162 silentium,
1045 2113 1176 2151 risum
1196 2124 1387 2167 captasse
1412 2113 1584 2154 videtur
1603 2116 1689 2154 Lu..

214 2172 356 2209 cianus
374 2185 427 2209 ex
451 2183 559 2209 voce
589 2170 861 2222 μαχαιρίδων,
894 2182 1002 2221 quae
1026 2183 1158 2223 aeque
1181 2184 1228 2208 ac
1249 2171 1482 2225 ἐγχειρίδιον
1505 2169 1556 2210 de
1577 2171 1686 2211 libro

217 2227 365 2278 aliquo
405 2235 730 2279 praeceptorum
764 2239 811 2265 ea
852 2234 988 2264 aetate
1026 2236 1133 2265 noto
1171 2227 1354 2266 forsitan
1389 2227 1688 2280 usurpabatur.

216 2281 382 2320 Addito
407 2290 546 2322 autem
568 2282 754 2331 θυτικὸν,
777 2284 918 2335 jocum
940 2280 1107 2321 demum
1131 2283 1330 2334 patuisse,
1390 2284 1448 2321 At
1467 2282 1570 2337 quid
1591 2293 1691 2322 tan-

218 2337 312 2376 dem
333 2347 395 2377 est
410 2355 500 2391 μαχ.
522 2344 615 2379 θυτ.
638 2338 807 2391 inquies
823 2337 843 2376 ⁸?
887 2337 1005 2391 Quid
1024 2339 1100 2376 alii
1125 2339 1327 2389 dixerint,
1359 2339 1550 2379 audiisti.
1590 2340 1687 2394 Ego

217 2402 359 2432 tamen
388 2393 505 2432 aliud
530 2393 634 2447 quid
667 2394 837 2433 subesse
856 2393 1072 2447 suspicor:
1107 2404 1177 2445 tu,
1211 2410 1262 2433 an
1284 2405 1396 2435 recte
1418 2396 1687 2448 conjecerim,

218 2449 310 2501 ipse
331 2450 490 2502 judica.
551 2452 611 2490 Ac
629 2450 766 2502 primo
788 2449 958 2504 quidem
983 2465 1091 2504 quae
1112 2451 1318 2491 Lucianus
1342 2451 1391 2490 de
1413 2451 1689 2504 philosophis

219 2507 381 2557 magiae
401 2521 572 2558 operam
594 2506 797 2544 dantibus
820 2507 1037 2560 scripserit
1053 2507 1097 2545 in
1120 2508 1265 2547 libello
1287 2507 1339 2546 de
1360 2507 1537 2550 merced.
1560 2507 1686 2549 cond.

219 2562 378 2613 legito:
412 2562 527 2601 hunc
560 2577 640 2617 ego
668 2566 849 2601 cultrum
880 2563 932 2601 ad
962 2577 1034 2602 eos
1065 2577 1165 2602 usus
1196 2573 1483 2615 comparatum
1515 2564 1686 2617 opinor.

218 2616 301 2655 Sed
337 2617 440 2670 quid
466 2618 504 2655 si
540 2618 736 2672 κουρικὸν
762 2622 877 2672 legas
908 2633 986 2672 pro
1014 2618 1206 2670 θυτικόνς
1265 2619 1364 2659 Vid.
1387 2620 1493 2660 Adv.
1521 2620 1689 2660 Indoct-

223 2678 342 2716 c.29.
364 2673 470 2711 Plu!-
492 2674 538 2713 in
561 2676 711 2715 Dione
734 2691 775 2728 p.
792 2681 912 2719 1667.
936 2676 966 2714 f.
988 2685 1030 2715 et
1047 2675 1230 2731 Ροζγαεη.
1256 2677 1381 2715 Strat.
1401 2677 1518 2718 VIII.
1539 2680 1690 2730 p.604.

224 2731 271 2770 B.
302 2729 374 2768 ubi
402 2747 443 2783 μ.
476 2732 668 2786 κουρέως.
731 2732 985 2773 Casaubonus
1008 2731 1225 2783 observat,
1260 2733 1437 2774 Graecis
1457 2736 1688 2774 cultrorum
