1781 3174
488 218 560 251 ΙΝ
628 218 1118 251 PISCATOREM.
1430 207 1530 259 569

74 320 302 361 lectionem
331 328 414 359 tres
434 316 569 358 codd.
597 315 826 369 exhibent,
860 327 903 358 et
919 317 1059 359 Belino
1094 318 1322 373 probatum
1351 321 1534 362 Schmie-

76 377 188 418 der-us
208 376 380 430 recepit.
421 376 576 415 LEHM.

184 433 287 474 Eud.
318 436 344 474 l.
369 436 408 475 4.
459 433 669 473 Οἰκεῖον
710 428 868 483 ὄντα]
909 431 1010 471 Non
1045 435 1151 472 male
1185 434 1357 487 quidem
1391 436 1532 476 Ίῗιοτη.

75 491 192 545 Mag.
227 492 383 531 Οἰκέται
405 483 453 531 οὗ
472 486 595 542 μόνον
616 490 656 529 οῖ
678 491 831 533 δοῦλοι,
852 486 948 530 ἀλλὰ
969 490 1036 530 καὶ
1056 486 1201 538 πάντες
1227 494 1267 532 οἱ
1291 493 1332 533 ἐν
1352 496 1406 547 τῷ
1438 494 1536 547 οἴκῳ

77 545 179 603 va)
202 547 267 588 καὶ
287 547 425 593 τέκνα,
456 545 700 597 praesertim
726 545 761 582 si
783 544 980 585 IIerodoti
997 559 1153 584 morem
1175 547 1382 601 loquendi
1405 550 1537 602 respi-

78 604 176 645 cias.
236 602 316 643 Sed
339 617 360 641 a
382 602 565 641 Lucieno
587 610 732 639 nostro
753 600 867 639 hunc
885 617 1006 640 usum
1028 603 1212 641 alienum
1235 619 1322 644 esse
1341 605 1540 644 animad-

77 659 211 708 verti,
243 669 290 698 ut
312 674 363 698 ex
387 657 528 696 indice
554 657 744 709 patebit3
778 656 891 697 unde
918 672 1172 711 cognosceS‚
1205 663 1379 711 οἰκείους
1408 671 1449 703 et
1470 665 1540 704 οἰ-

76 718 189 765 κέτας
221 714 467 754 creberrime
491 713 540 752 ab
563 712 638 751 illo
659 713 878 766 usurpari,
912 713 984 753 sed
1010 728 1171 767 semper
1204 716 1434 771 diligenter
1467 717 1541 757 di-

76 773 272 812 stinctos.
338 771 476 825 Atqui
516 771 730 824 Dialogus
772 769 1046 823 philosophis
1087 785 1172 810 non
1216 783 1303 813 erat
1332 776 1540 825 famulus,

77 828 149 868 sed
171 828 407 868 familiaris.
467 827 518 865 In
539 827 678 865 Prom.
699 826 743 863 in
762 826 916 869 Verbb.
938 842 971 865 c.
995 832 1034 870 6.
1067 826 1111 865 hi
1133 827 1336 869 dicuntur
1354 836 1426 873 τοῦ
1444 837 1543 873 Δια·

79 884 200 940 λόγου
219 887 391 939 ἑταῖροι,
417 897 502 923 non
530 881 730 924 δεσπόται.
789 883 846 920 Et
870 883 913 921 in
936 884 1010 922 Bis
1028 885 1177 926 Aecus.
1203 901 1238 924 c.
1260 893 1328 930 26.
1348 902 1439 941 sqq.
1475 902 1545 928 ea-

82 941 175 982 dem
206 942 295 981 fere
331 942 443 979 inter
471 949 675 992 utrosque
704 939 814 977 ratio
850 939 1095 981 declaratur.
1157 942 1272 997 Ergo
1313 945 1545 984 lectionem

80 999 209 1037 trium
229 997 460 1051 proborum
483 994 618 1035 Codd.
652 997 801 1037 οἰκεῖον
823 1010 899 1048 pro
924 999 1036 1050 vulg.
1061 999 1214 1052 οἰκέτην
1237 999 1425 1053 recipere
1454 1015 1545 1040 non

80 1056 214 1110 magis
236 1053 504 1103 dubitabam,
538 1066 662 1105 quam
686 1052 967 1091 Schmiedems.
999 1055 1157 1094 me.

194 1110 295 1152 Eacl.
322 1113 350 1151 1.
387 1113 425 1155 5.
468 1110 716 1157 Μένιππον)
767 1109 955 1148 Consule
1000 1110 1044 1147 in
1071 1115 1160 1164 ejus
1193 1114 1281 1152 vita
1324 1114 1545 1154 La'e'rtz'um.

80 1169 224 1208 Bnon.
286 1167 408 1221 Quae
431 1165 481 1205 de
499 1166 714 1218 lVIenippo
739 1165 811 1204 hic
845 1165 992 1215 audis,
1037 1166 1201 1219 duplici
1233 1184 1358 1208 sensu
1389 1171 1550 1210 intelli·

84 1225 243 1279 genda:
275 1238 362 1262 non
395 1223 507 1262 enirn
537 1221 649 1274 apud
681 1222 904 1260 Lucianum
935 1221 1086 1273 modo,
1121 1224 1193 1263 sed
1220 1235 1261 1265 et
1283 1241 1356 1278 per
1379 1241 1423 1265 se
1447 1228 1551 1265 olim

85 1283 127 1319 in
156 1282 244 1320 suis
271 1279 463 1332 scriptis,
497 1287 542 1316 ut
564 1293 616 1317 ex
644 1279 761 1330 Πίος.
780 1278 917 1316 La'c‘rt.
936 1278 1159 1329 discimus,
1193 1281 1414 1321 hominum
1441 1282 1552 1323 vitia

85 1337 244 1376 salibus
269 1335 443 1375 comicis
470 1335 702 1373 insectatus
722 1334 861 1372 fuerat
887 1349 930 1387 p.
955 1341 1047 1378 162.
1068 1337 1118 1376 A.
1152 1339 1320 1380 SOLAN‚

197 1392 300 1433 Eacl.
323 1395 349 1433 l.
374 1396 412 1434 9.
434 1391 574 1444 ’Έχοι)
604 1389 674 1430 Sic
696 1389 776 1431 Ox.
799 1390 863 1428 uti
897 1401 996 1430 ante
1017 1395 1279 1446 conjeceram
1309 1394 1555 1451 legendum.

85 1450 262 1504 Reliqui
287 1450 366 1504 ἔχῃ.
399 1448 568 1487 SOLAN.

201 1506 444 1559 Pag2160d.
460 1509 497 1547 1.
525 1499 847 1556 'An-mmdhqo‘ev)
872 1505 1006 1543 Recte
1029 1505 1086 1544 ita
1101 1506 1320 1548 Brodaeus.
1343 1510 1556 1548 MAncrt..

86 1563 282 1616 (Nempe
306 1562 350 1601 in
374 1561 507 1601 Misc.
531 1574 575 1612 p.
599 1566 637 1603 2.
664 1574 696 1600 c.
722 1566 789 1604 22.
830 1560 889 1599 ita
919 1562 1211 1615 castigandum
1243 1568 1436 1618 jusserat.
1502 1568 1559 1604 Et

92 1621 152 1659 sic
181 1622 291 1658 solet
323 1615 437 1671 apud
465 1616 654 1656 Nostrum
685 1617 890 1670 aliosque.
951 1619 1215 1657 Testimonia
1247 1620 1332 1662 vid,
1370 1620 1420 1659 ad
1446 1625 1557 1661 Tox.

90 1692 182 1730 cap.
204 1680 273 1719 28.
302 1674 498 1724 RmTz.)
558 1674 663 1714 Mss.
691 1673 774 1713 Ox.
798 1674 844 1713 P.
867 1682 908 1711 et
928 1673 979 1714 L.
1017 1674 1358 1715 emendationem
1384 1677 1563 1716 BrocZaei

91 1731 358 1773 confirmant.
421 1727 635 1774 Sed-recte
658 1731 738 1781 jam
759 1729 803 1767 in
830 1730 871 1769 S.
894 1739 935 1768 et
955 1730 1011 1768 A.
1039 1731 1252 1770 scribitur.
1313 1733 1363 1772 In
1384 1733 1562 1787 reliquis

91 1788 309 1835 mendose,
342 1785 547 1839 ἆμπηποὶἱ..
584 1785 667 1821 nisi
689 1783 802 1837 quod
821 1786 914 1824 Par.
935 1782 1138 1839 ἆπεμπεόλ.
1162 1787 1303 1828 habet.
1337 1791 1505 1829 SOLAN.

208 1844 309 1885 Eacl.
330 1847 358 1883 l.
379 1849 417 1886 2.
453 1845 657 1890 Πολλῶν)
691 1842 837 1882 Oxou.
862 1847 1005 1897 πολλῷ.
1041 1843 1208 1883 80[,ΑΝ.
1268 1847 1391 1884 Hanc
1415 1847 1566 1899 procul

97 1900 229 1939 dubio
255 1914 395 1940 veram
422 1898 649 1937 lectionem
681 1898 842 1950 priores
878 1898 1076 1938 Editores
1106 1914 1192 1938 non
1225 1900 1432 1940 debebant
1459 1901 1567 1940 vili«

96 1955 294 2011 pendere.
355 1958 422 1994 An
445 1968 632 2006 unquam
658 1954 876 2008 quisquam
897 1954 1096 1994 inciderit
1114 1956 1158 1994 in
1180 1957 1287 1995 illud
1312 1959 1377 1999 ἐπὶ
1394 1963 1566 2008 πολλῶν,

99 2013 150 2052 de
174 2013 312 2066 pretio
334 2020 610 2064 usurpatum,
642 2013 710 2049 vel
739 2011 849 2049 serio
883 2011 1151 2050 contenderit
1185 2013 1245 2051 sic
1266 2015 1461 2066 usurpari
1483 2029 1570 2067 po-

98 2070 233 2108 tuisse
251 2069 270 2107 ?
303 2070 393 2107 Imo
418 2067 494 2121 qui
517 2068 577 2108 ἐπὶ
607 2071 765 2107 πολλῶν
798 2066 837 2103 h.
859 2069 885 2104 l.
905 2068 1035 2121 legit,
1067 2078 1208 2121 potest
1239 2069 1272 2108 is
1297 2071 1423 2109 facile
1453 2069 1571 2109 aliud

101 2125 205 2180 quid
229 2124 438 2180 cogitare,
473 2136 597 2177 quam
620 2123 807 2161 voluisse
829 2133 1064 2163 auctorem:
1097 2125 1231 2164 mullis
1255 2127 1423 2167 (estibus.
1457 2127 1573 2166 Con-

102 2193 165 2220 tra
207 2182 476 2235 exquisitus,
528 2193 777 2233 quamquam
815 2194 900 2217 non
932 2180 1326 2232 frequentissimum,
1379 2193 1441 2222 est
1472 2197 1573 2222 usus

103 2239 314 2277 formulae
351 2239 411 2278 ἐπὶ
439 2240 592 2290 πολλῷ,
637 2245 686 2273 ut
720 2234 986 2288 significetur
1024 2236 1158 2286 idem,
1205 2239 1318 2291 quod
1350 2240 1452 2277 alibi
1484 2241 1574 2278 fere

102 2300 269 2336 πολλοῦ.
331 2294 402 2333 Sic
422 2293 490 2335 ἐπὶ
508 2292 640 2349 πόσῳ,
675 2290 843 2345 quanti?
871 2292 916 2329 in
939 2293 1078 2332 verbis
1100 2294 1179 2343 iis,
1211 2310 1317 2348 quae
1349 2296 1488 2348 Cyrus
1523 2294 1578 2334 ad.

102 2352 403 2390 Armeniorum
441 2363 581 2403 regem
617 2347 743 2396 dicit,
797 2362 862 2399 ap.
897 2349 1077 2403 λέιιορή.
1111 2350 1270 2403 Cyrop.
1306 2353 1398 2398 ΙΙΙ,
1429 2357 1477 2402 1,
1508 2356 1576 2395 43.

107 2407 343 2460 (VVeisk)
369 2407 437 2448 καὶ
455 2407 520 2447 ἐπὶ
542 2404 655 2457 πόσῳ
674 2402 725 2445 ἂν
748 2406 899 2453 ἐθέλοις
915 2404 988 2457 τὴν
1007 2407 1175 2460 γυναῖκά
1199 2423 1272 2449 σου
1295 2405 1487 2459 ἀκοῦσαι,
1521 2406 1583 2450 ’ὅτι

107 2470 388 2514 σκευοψορεῖςς
420 2462 581 2503 LEHM.
701 2472 704 2476 ’

222 2520 372 2559 Eacl.1.
394 2524 442 2563 5.
464 2517 668 2571 Ἀξιοῦμεν
697 2515 966 2569 τιμωρήσειν)
1007 2521 1190 2558 Fallitur
1223 2536 1322 2575 ergo
1356 2523 1430 2562 Th.
1462 2521 1580 2574 Mag.

113 2576 189 2631 qui
219 2591 259 2617 v.
295 2577 502 2628 Βούλομαι
542 2578 670 2615 multa
706 2575 860 2612 similia
899 2575 1017 2614 verba
1060 2591 1307 2616 enumerans
1349 2582 1441 2618 solo
1487 2592 1583 2616 cum

113 2633 343 2686 praeterito
362 2634 428 2671 vel
457 2632 689 2685 praesenti,
724 2645 937 2684 nunquam
964 2647 1055 2669 cum
1086 2632 1234 2672 futuro
1258 2635 1446 2673 construi
1477 2634 1586 2674 soli-

115 2700 183 2738 ta,
228 2689 355 2727 etiam
383 2683 524 2737 ἀξιοῦν
557 2688 641 2726 illis
672 2696 886 2733 accenset3
937 2698 1008 2726 aut
1041 2689 1307 2728 scribendum
1337 2696 1587 2745 τιμωρῆσαι,

117 2744 234 2800 quod
258 2745 364 2788 Jcns.
388 2745 632 2787 observavit
662 2744 913 2798 ati-Luciam.
939 2746 1082 2788 Somn,
1116 2746 1161 2785 in
1191 2748 1310 2786 Lect.
1347 2750 1451 2789 Luc.
1484 2762 1527 2801 p.
1549 2751 1588 2789 9.
