1781 3174
389 228 450 258 IN
521 223 792 256 viTARUM
865 224 1227 256 Auca-mnem-
1434 209 1534 261 523

73 323 391 363 condimentum
423 337 476 363 ex
503 320 711 376 sanguine
743 321 839 360 aliis
875 320 1000 360 rebus
1030 320 1220 361 admixto
1251 323 1435 374 factum,
1483 323 1536 365 de

73 395 158 434 quo
188 384 303 419 nulla
326 380 396 418 hic
420 379 607 417 mentio:
639 377 742 416 ficus
775 392 875 416 vero
905 392 926 416 e
949 377 1105 416 Rhodo
1127 389 1168 417 et
1191 379 1339 426 Cauno
1371 381 1534 420 Caricis

71 437 250 475 urbibus
273 437 427 489 passim
446 433 806 483 distrahebantur,
840 443 880 473 et
897 434 941 472 in
964 435 1130 472 Italiam
1156 450 1290 489 usque
1307 438 1536 489 portaban-

72 503 161 543 tur,
193 503 241 531 ut
262 502 380 544 patet
403 507 454 531 ex
478 493 543 530 Μ.
569 490 707 531 Crassi
733 490 913 528 historia
937 490 1047 542 apud
1075 490 1294 532 Ciceronem
1313 494 1388 533 lib
1410 502 1448 539 7
1484 495 1534 536 de

69 550 362 588 Divinatione
381 549 482 598 (Π,
502 551 625 597 40.):
662 546 755 587 Cum
785 547 852 586 M.
889 545 1049 586 Crassus
1085 552 1298 588 emet-citum
1329 551 1537 592 Brundisii

69 608 303 659 imponeret,
353 605 515 659 quidam
548 607 589 642 in
617 615 734 657 portu
774 602 935 643 Caricas
969 604 1100 643 Cauno
1133 606 1317 645 advectas
1344 610 1531 659 vendens,

73 661 231 701 Cannae
249 663 344 710 lzas,
379 661 624 701 clamitabat.
686 659 759 700 Sic
791 671 831 698 et
851 659 1133 700 Chelidomae
1168 661 1294 713 ficus,
1326 678 1347 702 a
1380 666 1535 706 Cheli..

71 717 214 756 doniis
237 719 387 756 insulis
410 733 493 755 non
515 721 642 770 longe
665 731 684 754 a
709 716 859 755 Cariae
884 717 1009 754 litore
1032 717 1091 754 sic
1118 716 1269 757 dictae.
1331 721 1446 775 Ergo
1471 734 1536 762 to-

69 783 135 812 tus
158 776 230 813 ille
249 784 408 812 tractus
433 775 583 813 Cariae
607 788 627 812 a
649 772 806 811 Rhodo
832 786 965 826 usque
989 772 1039 810 ad
1073 773 1350 815 Chelidonias
1370 778 1534 819 ficubus

68 830 322 869 abundabat.
383 831 488 870 Ideo
519 840 558 868 et
581 829 728 868 viliori
750 829 888 882 pretio
911 828 1272 881 distrahebantur,
1307 842 1349 872 et
1376 837 1537 875 utilio..

66 901 130 925 res
154 887 204 925 ad
229 887 441 940 mancipia
463 886 671 939 pascenda
689 916 698 931 ,
733 885 846 940 quod
870 885 940 923 hic
963 896 1126 938 spectat
1150 897 1284 926 emtor
1306 891 1534 946 Diogenis,

66 944 137 982 De
172 944 337 982 ficubus
375 954 514 982 autern
542 959 563 982 e
598 941 780 991 Rhodo,
822 942 997 991 Cauno,
1032 952 1072 980 et
1109 943 1404 998 Chelidoniis,
1438 948 1537 990 vide

67 1000 216 1040 Athen.
240 1000 313 1039 lib.
336 1007 374 1044 3.
402 1015 433 1041 e.
456 1007 493 1044 3.
555 1000 678 1037 Plura
703 1013 867 1051 possem
892 1012 1141 1052 congerere,
1185 1001 1257 1039 sed
1284 1002 1388 1043 haec
1408 1005 1534 1045 credo

71 1055 292 1095 sufficiunt
320 1057 369 1095 ad
395 1056 637 1094 firmandam
659 1056 888 1094 lectionem
914 1060 1102 1108 καρικῶν.
1135 1058 1286 1099 PALM.

187 1117 280 1167 Pag,
311 1120 404 1158 113,
434 1116 462 1152 l.
502 1119 540 1155 1.
598 1111 674 1154 Τὸν
705 1113 745 1153 ἐν
773 1116 855 1167 χρῷ
884 1114 1057 1165 κουρίαν
1086 1112 1270 1168 ἐκεῖνον)
1307 1117 1535 1158 Dezonsum.

68 1171 232 1208 Mirum
257 1181 344 1217 est,
374 1172 627 1221 interpretes
651 1169 695 1206 in
718 1168 784 1205 his
804 1168 1000 1206 omnibus
1027 1168 1181 1220 dialog
1206 1171 1323 1210 bac
1311 1186 1354 1211 ln
1374 1189 1416 1212 re
1443 1189 1538 1226 pec-

70 1241 204 1273 casse3
240 1226 337 1265 dico
358 1236 518 1279 postea.
550 1227 676 1279 Angl
699 1227 740 1267 ἐν
762 1229 844 1279 χρῷ
862 1228 1028 1277 κουρίαν
1051 1227 1104 1267 ἐκ.
1136 1228 1314 1266 ΒοῑΜ).
1354 1233 1539 1283 Κουοίαν

69 1286 260 1336 postulat
299 1298 467 1328 sensus;
513 1297 591 1321 nec
625 1282 740 1320 deest
771 1282 1016 1319 auctoritas.
1080 1282 1150 1320 Sic
1191 1286 1302 1322 enim
1332 1286 1376 1324 in
1412 1288 1537 1340 Angl

68 1348 176 1378 teste
199 1339 457 1379 Bourdelotio
477 1339 646 1392 legitur.
707 1339 778 1376 Sic
800 1338 926 1377 etiam
951 1338 997 1376 P.
1019 1348 1060 1376 et
1078 1340 1130 1378 L.
1157 1350 1197 1378 et
1219 1341 1280 1379 sic
1316 1343 1470 1381 citatur
1494 1346 1538 1382 in

75 1395 405 1435 Cons1.Lexic0.
467 1395 686 1434 Praeterea
718 1393 777 1432 sic
801 1395 926 1432 etiam
960 1395 1118 1448 legitm
1138 1396 1182 1433 in
1214 1399 1376 1451 Fugitt
1412 1414 1444 1441 c
1469 1405 1536 1443 27.

69 1450 283 1505 ὕπωχοον,
316 1453 356 1494 ἐν
375 1456 456 1508 χρῷ
477 1453 666 1502 κουρίαν,
700 1452 740 1492 ἐν
766 1468 805 1504 γε
809 1468 849 1491 ν
836 1453 901 1491 cio>
926 1453 1058 1504 βαθεῖ.
1117 1454 1296 1516 Reliqui
1324 1455 1424 1493 libri
1445 1472 1541 1495 om-

72 1523 146 1548 nes
173 1508 273 1547 hic
263 1513 455 1564 κουρίας,
489 1507 703 1548 mendose.
767 1506 850 1547 Sed
874 1510 953 1559 jam
982 1507 1031 1545 ad
1056 1523 1139 1547 rem
1167 1509 1320 1562 ipsam:
1355 1513 1427 1565 qui
1454 1513 1540 1552 fac-

71 1575 161 1604 tum
193 1576 276 1616 est,
316 1566 510 1619 inquies,
550 1575 621 1613 ut,
669 1565 743 1619 qui
776 1563 946 1602 barbam
974 1563 1118 1604 radere
1146 1567 1349 1605 nolebant
1378 1570 1537 1620 Stoici,

73 1636 233 1660 comam
257 1625 366 1661 alere
388 1620 654 1661 recusarint?
694 1623 728 1661 V
732 1620 832 1660 erbo
861 1620 1021 1667 dicam;
1063 1622 1161 1674 quia
1196 1603 1539 1664 muliercularurri

73 1677 156 1716 hoc
181 1693 269 1717 esse
292 1680 501 1732 putabant
524 1691 682 1715 comam
709 1678 982 1741 promittere,
1017 1677 1062 1714 in
1097 1692 1230 1731 eoque
1254 1694 1345 1717 cum
1382 1683 1540 1735 gravis-

73 1735 191 1773 simis
212 1736 399 1774 omnium
424 1733 622 1772 ordinum
647 1734 749 1772 viris
773 1732 1038 1779 sentiebant3
1071 1733 1113 1770 in
1139 1749 1188 1772 eo
1212 1734 1392 1786 diversi,
1426 1738 1542 1788 quod

74 1806 168 1829 cum
194 1792 323 1830 ceteri
346 1790 465 1828 brevi
489 1789 658 1843 quidem
678 1804 821 1837 coma,
855 1789 925 1826 sed
948 1790 1132 1842 eleganti
1152 1799 1392 1842 uterentur,
1426 1793 1543 1834 Stoi-

74 1848 112 1886 ci
139 1848 327 1900 forcipe,
368 1856 463 1884 cute
493 1856 637 1894 tenus,
681 1846 825 1884 ovium
860 1845 903 1882 in
934 1845 1106 1883 modum
1143 1857 1269 1900 caput
1302 1849 1543 1893 tonderent,

76 1904 211 1956 Cujus
255 1902 447 1941 instituti
486 1902 595 1940 ratio
626 1911 697 1940 aut
730 1900 952 1953 superbiae
986 1916 1129 1940 eorum
1160 1903 1361 1955 imputari
1394 1905 1541 1957 debet,

77 1974 163 2013 quo
185 1975 227 1999 se
251 1974 269 1998 a
292 1959 464 2008 ceteris,
497 1968 546 1996 ut
568 1959 691 1996 barba
716 1968 756 1997 et
771 1957 926 2011 pallio,
962 1958 1020 1996 ita
1045 1968 1085 1997 et
1107 1958 1184 1997 hac
1215 1961 1341 1999 etiam
1376 1963 1543 2004 ratione

76 2017 415 2070 distinguerent,
451 2024 522 2052 aut
542 2015 762 2067 gravitati,
798 2029 850 2053 ne
886 2017 1004 2052 cultu
1030 2016 1114 2054 isto
1145 2015 1226 2053 sibi
1248 2028 1320 2055 aut
1355 2018 1449 2057 aliis
1473 2020 1543 2057 ni-

76 2074 206 2112 mium
227 2077 455 2126 placerent.
518 2071 646 2125 Qua
636 2085 677 2109 in
701 2086 743 2110 re
763 2080 810 2109 ut
832 2084 986 2109 errasse
1006 2085 1076 2111 eos
1100 2072 1227 2112 facile
1249 2077 1540 2126 concesserim,

77 2130 139 2168 ita
170 2144 248 2168 nec
280 2139 448 2167 nostros
479 2142 611 2166 mores
645 2127 880 2166 hodiernos
909 2125 1138 2167 defendere
1168 2129 1384 2178 sustineo,
1429 2111 1542 2185 apud

78 2200 184 2239 quos
208 2200 324 2224 coma
350 2184 535 2223 ascititia
557 2187 685 2237 vulgo
707 2198 822 2222 nunc
848 2184 929 2221 toti
954 2185 1147 2237 cooperti
1172 2186 1254 2223 viri
1273 2190 1341 2225 vel
1361 2189 1542 2228 feminas

78 2242 170 2296 ipsa
190 2242 297 2280 hac
287 2257 329 2279 1n
346 2250 462 2293 parte
482 2243 586 2279 luxu
611 2239 1115 2281 anteeant.Casau60n11s
1131 2242 1252 2280 aliter
1272 2257 1355 2281 rem
1380 2245 1544 2284 intelli-

80 2300 167 2354 git,
203 2313 324 2353 quem
347 2298 541 2346 silubet,
577 2300 751 2335 consule
774 2296 824 2334 ad
849 2297 1040 2350 Tlieoplzr.
1063 2297 1124 2335 C}
1115 2312 1186 2335 ar.
1209 2313 1249 2350 p.
1273 2303 1368 2342 240.
1401 2302 1443 2341 ἐν
1462 2307 1546 2359 705

78 2358 262 2410 κουρίας·
294 2371 371 2394 ηοη
394 2365 447 2392 cst
478 2356 626 2393 curiose
645 2364 764 2406 caput
787 2352 1010 2402 detonsum,
1041 2357 1099 2392 uti
1127 2370 1197 2392 nos
1224 2354 1338 2394 hodic
1364 2359 1404 2395 in
1425 2348 1547 2399 barba

81 2412 260 2452 radenda
279 2410 394 2449 mulii
417 2427 558 2449 surmus.
591 2410 797 2448 abhorrent
823 2410 917 2448 llaec
948 2426 973 2447 a
997 2385 1236 2453 ,CJ'HlCOJLan
1267 2414 1323 2450 iN'
1311 2429 1441 2461 4ίἿΙζΟ,
1480 2419 1548 2471 qni

80 2468 224 2524 procul
245 2468 386 2514 dubio,
406 2467 570 2521 forcipe
591 2477 624 2504 ct
654 2481 786 2505 crassa
809 2466 992 2505 Minema
1020 2466 1187 2519 capillos
1206 2468 1438 2519 tondebant,
1470 2489 1548 2511 non

84 2523 279 2564 ποιαοιιῖα
301 2523 504 2562 radebant.
565 2522 663 2562 Vid.
690 2522 865 2560 omnino
897 2523 1055 2576 Fugitt.
1082 2538 1113 2563 c
1139 2529 1206 2566 27.
1250 2534 1291 2563 et
1319 2540 1424 2580 quae
1456 2529 1547 2568 illic

86 2590 290 2620 annotata
330 2589 511 2618 exstant.
574 2579 863 2631 'I'lzcoplm--aslus
900 2596 942 2619 π.
975 2583 1248 2635 μικρολογίας,
1300 2596 1446 2622 avaros
1487 2585 1548 2623 ait

87 2639 194 2676 istos
216 2650 304 2675 esse
322 2636 394 2676 ἐν
383 2653 463 2691 χρω
487 2638 764 2690 xszpoue'vovg‚
796 2649 836 2688 p
858 2640 925 2678 34.
986 2635 1127 2684 Idem,
1161 2637 1371 2690 siquidem
1398 2642 1547 2693 genui·

88 2708 168 2732 nus
189 2702 252 2733 est
276 2693 349 2730 ille
368 2693 533 2742 foetus,
564 2708 652 2745 cap.
682 2710 726 2732 π.
746 2688 993 2747 ὀλιγαρχίας,
1026 2707 1064 2745 p.
1091 2698 1159 2736 70.
1188 2693 1234 2732 C.
1267 2693 1318 2733 de
1347 2695 1439 2735 viro
1471 2711 1549 2749 op-

88 2749 301 2789 timatium
323 2757 462 2803 partes
483 2759 672 2790 sectante
694 2748 823 2800 dicit,
860 2762 955 2788 eum
973 2750 1100 2804 μέσην
1116 2747 1271 2804 κουράν
1287 2755 1549 2806 κεκαρμένον.
