1781 3174
249 194 353 246 640
601 201 1355 238 ἈΒΝοΤΑΤῙοΝΕε

245 310 367 362 igitur
387 303 518 362 (quia
540 303 841 357 praecedentes
861 311 1102 356 praetextus
1133 317 1210 356 pro
1233 303 1354 342 vanis
1387 311 1534 342 auctor
1560 301 1711 341 tradu-

246 366 343 415 xit)
374 375 408 403 et
432 364 669 402 verissimum
692 360 869 414 quidem,
903 359 969 398 sed
986 362 1143 399 minime
1171 360 1221 398 ab
1241 360 1324 399 illis
1349 359 1518 414 produci
1535 359 1708 401 solitum.

247 423 300 461 In
323 419 539 473 Apologia
562 432 636 470 pro
661 431 711 455 eo
735 416 841 454 dicit
859 419 895 456 τί
913 416 989 457 οὑν
1009 414 1125 466 ἄλλο,
1159 419 1194 458 εἰ
1209 434 1306 469 μητε
1324 422 1467 465 ταῦτα,
1498 412 1593 468 μήτε
1616 418 1711 457 ἐκεῖ·

249 495 300 519 να
319 480 442 531 λέγειν
465 480 555 516 ὄοκε
559 481 583 522 ῖ,
612 470 837 515 ὑπόλοιπόν
856 474 980 524 ἐστινς
1013 474 1155 514 GRON.
1204 473 1274 512 sic
1292 474 1492 513 Arrianus
1511 472 1563 511 ad
1580 472 1710 526 Epict-

250 534 334 574 III.
362 548 396 571 c.
419 538 458 575 7.
479 546 518 584 p.
543 535 636 573 260.
657 531 703 568 Β.
734 526 985 571 νπολείπεται
1007 528 1151 570 λοιπὸν
1170 539 1248 569 etc.
1280 529 1452 570 SoLAN.

363 589 464 628 Eacl.
489 590 518 628 l.
544 593 607 630 10.
641 582 1038 638 Ευδαιμονίσαντας)
1069 587 1198 625 Antea
1228 586 1447 639 legebatur
1477 581 1715 638 εὐδαιμονη-

251 661 416 695 σαντας,
450 645 595 697 inepte
619 657 802 696 pror-,sus
835 642 931 683 Vid.
958 658 992 681 c.
1017 648 1081 685 11.
1112 643 1168 680 Et
1193 641 1323 681 Somn
1348 657 1380 684 c.
1404 647 1440 685 7.
1461 643 1535 681 Bis
1559 644 1711 682 Aecus.

252 719 287 743 c.
309 710 348 746 3.
411 702 536 739 Hanc
565 699 904 738 emendationem
938 714 1011 751 per
1042 713 1084 738 se
1111 697 1314 752 liquidam
1343 698 1478 736 firmat
1500 700 1550 738 V.
1576 704 1613 742 1.
1645 699 1715 737 De

249 757 390 811 εὗδαιμ
395 759 493 800 ονέω
512 755 597 798 vid.
620 755 852 794 Anachars.
873 771 907 796 c.
932 760 993 798 10.
1028 756 1194 796 SOLAN.
1255 755 1420 793 Somnii
1440 758 1581 793 locum
1605 755 1713 793 falso

251 816 402 855 citavit
427 813 611 853 Solemus.
673 813 752 850 Est
775 815 843 850 vel
867 827 900 850 c.
928 818 990 854 12
1017 815 1083 851 vel
1107 818 1168 854 13.
1228 811 1342 850 Nlira
1373 820 1512 850 autern
1542 824 1714 864 prorsus

251 882 315 912 est
340 871 482 910 Solani
503 869 838 923 argumentatio,
872 869 1022 906 mirum
1044 867 1269 919 judicium.
1332 867 1472 920 Quum
1494 866 1716 920 εὐδαιμονία

253 933 332 978 ζειν
361 927 498 965 active
536 934 700 964 constet
728 900 968 975 sionificare
984 925 1151 979 felicem
1178 923 1434 992 praedicare,
1466 921 1716 977 εὐδαιμονεῖν

249 983 529 1040 veiofelicem
549 999 639 1030 csse,
670 981 910 1035 veljclicem
929 999 968 1020 se
987 981 1144 1030 habere,
1179 979 1292 1033 quod
1313 990 1354 1018 et
1372 977 1717 1033 εὐδαιμονίζεσθαι

251 1041 436 1089 dicitur,
480 1053 602 1093 quem
636 1037 804 1092 quidem
842 1052 962 1075 usum
993 1039 1118 1076 etiarn
1151 1051 1170 1074 3
1200 1037 1384 1076 anz'ano
1411 1049 1625 1087 accurate,
1667 1047 1717 1075 ut

250 1113 326 1151 pm
355 1106 469 1142 erat,
511 1095 775 1134 observatum
807 1108 920 1143 esse,
964 1094 1047 1147 ipsi
1078 1094 1166 1143 illi,
1211 1107 1315 1145 quos
1349 1093 1520 1132 Solorius
1547 1094 1714 1140 attulit,

250 1154 363 1201 loci,
407 1162 449 1192 et
480 1161 695 1204 piaeteiea
726 1151 848 1188 multi
886 1150 983 1200 alii
1016 1150 1089 1204 qui
1121 1151 1166 1187 in
1198 1148 1390 1188 Indicem
1421 1151 1717 1196 conferentur,

252 1211 354 1249 satis
373 1211 610 1247 luculenter
632 1216 862 1246 testantur:
894 1208 1086 1257 sequitur
1109 1205 1150 1245 h.
1174 1208 1199 1243 l.
1222 1209 1286 1244 vel
1314 1201 1621 1258 ευδαιμονισαμ’
1608 1224 1721 1254 νους

250 1264 520 1306 scribendum
545 1264 698 1312 fuisse,
735 1267 822 1313 vel,
857 1262 971 1314 quod
993 1262 1185 1316 plerique
1203 1261 1301 1300 libri
1321 1261 1499 1312 habent,
1535 1263 1722 1317 εὐδαιμο-

249 1322 462 1374 νήσαντας.
523 1319 822 1359 Nihilominus
854 1319 1053 1367 Bauius,
1092 1318 1292 1357 seductus
1322 1332 1343 1356 3
1377 1318 1545 1371 Solam,
1590 1329 1633 1359 et
1658 1336 1719 1360 re-

253 1379 463 1418 centiores
485 1376 621 1416 Editt.
635 1405 647 1425 2
672 1390 693 1414 3
712 1375 868 1415 Reizzio
889 1376 1068 1425 seducti,
1085 1373 1438 1428 εὐδαιμονίσαντας
1456 1386 1718 1430 receperunt.

248 1436 410 1476 LnnM.

363 1489 467 1531 Ead.
486 1493 514 1528 l.
543 1493 606 1534 15.
641 1492 912 1542 Πολυῖελῶν)
943 1490 1009 1529 An
1028 1492 1312 1539 πολυτελειῶνς
1341 1489 1486 1529 BnoD.

366 1548 467 1600 Pag-
487 1551 582 1591 239·
604 1549 631 1584 l·
656 1552 691 1589 2.
713 1546 929 1600 Ἐντεχνο·
946 1549 1244 1600 καιτρίβωνες)
1275 1547 1373 1584 Hoc
1397 1545 1524 1586 habet
1545 1562 1597 1588 ex
1618 1547 1718 1586 Ari-

249 1604 428 1658 stephan
452 1607 597 1655 σημαίν
603 1619 635 1643 ει
656 1605 697 1645 ὁὲ
718 1619 790 1654 per
811 1604 1046 1643 dictionem
1065 1607 1267 1653 τρίβωνες,
1297 1600 1393 1650 τούς
1410 1604 1720 1658 ἐγγεγυμνασμέ-
1780 1625 1781 1629 ’

248 1678 351 1709 νους
371 1678 451 1701 τινι
472 1659 685 1712 πράγματι.
716 1662 894 1700 Bonan.
952 1660 1048 1698 MS.
1076 1661 1168 1698 Vat.
1194 1664 1230 1702 1
1258 1658 1446 1711 ἄτεχτοι,
1480 1661 1595 1712 quod
1632 1659 1717 1702 ὄῖτε-

248 1734 344 1759 κνοι
364 1715 478 1754 haud
501 1715 627 1754 dubie
651 1730 739 1756 esse
761 1716 974 1769 oportuit,
1009 1730 1134 1755 sensu
1157 1715 1326 1765 eodem,
1360 1728 1445 1768 quo
1474 1730 1597 1768 supra
1620 1731 1718 1756 sae-

247 1773 346 1826 pius
381 1773 426 1811 in
459 1772 575 1814 Dial.
595 1783 719 1811 mort.
746 1772 958 1823 vidimus,
990 1781 1039 1810 ut
1066 1772 1140 1812 VI.
1169 1782 1248 1812 etc.
1290 1772 1459 1810 Sonitu.
1519 1773 1572 1811 In
1600 1773 1719 1812 Dial.

245 1839 371 1870 mort.
400 1829 476 1868 VI.
512 1827 564 1867 ad
588 1843 707 1880 quem
736 1828 906 1869 Solanus
932 1829 1134 1877 remittit,
1168 1833 1204 1878 §-
1230 1834 1270 1873 5.
1303 1826 1460 1869 ἄτεκνοι
1478 1838 1520 1867 et
1540 1831 1718 1871 ἔντεκνοι

248 1884 420 1939 quidem
449 1885 659 1932 occurrit;
696 1885 767 1924 sed
798 1885 899 1940 quid
929 1884 1011 1924 hoc
1046 1884 1098 1924 ad
1126 1884 1243 1924 hunc
1273 1884 1448 1924 locum?
1479 1885 1572 1925 Nec
1604 1887 1718 1925 enim

247 1942 311 1980 ibi
340 1941 509 1980 varians
537 1941 667 1980 lectio
700 1953 762 1980 est
797 1951 943 1980 notata
972 1943 1082 1986 ulla,
1116 1955 1193 1981 nec
1229 1955 1337 1994 opus
1365 1949 1448 1980 est:
1483 1951 1525 1981 et
1544 1942 1644 1981 licet
1664 1956 1716 1981 ex

245 1999 335 2038 Ms.
358 1998 456 2037 V.at
489 1996 552 2039 α’ῑ·
541 2015 669 2047 κνοι,
705 1997 912 2050 conjicias
942 1998 1063 2036 illum
1088 1997 1207 2036 volui
1212 2011 1274 2036 sse
1303 1996 1459 2050 ἄτεχνοι
1487 1997 1606 2046 dare,
1638 2013 1719 2038 ne-

247 2069 328 2109 que
349 2063 488 2092 tamen
508 2053 590 2092 hoc
609 2054 808 2109 quadrat,
843 2067 874 2092 c·
877 2069 936 2091 im
959 2056 1039 2096 ἕντ
1025 2071 1132 2107 εχνοι
1153 2053 1330 2105 probum
1353 2055 1432 2103 sit,
1467 2064 1509 2093 et
1529 2069 1715 2108 sequen-

246 2110 281 2148 ti
306 2109 433 2149 verbo
456 2112 648 2162 τρίβωνες
672 2111 952 2159 conveniens,
986 2110 1102 2164 quod
1125 2110 1349 2157 adsuetum,
1380 2113 1547 2163 peritum
1583 2112 1714 2163 signi-

246 2165 371 2215 ficat,
404 2175 453 2204 ut
475 2166 684 2206 Scholiast
707 2166 865 2206 innuit.
897 2166 1101 2219 Ανίετορῆ
1135 2181 1254 2220 quem
1276 2167 1380 2204 citat
1403 2166 1497 2216 ille,
1533 2168 1576 2205 in
1599 2167 1713 2207 Nub.

246 2227 341 2266 867-
364 2227 459 2266 868.
494 2237 569 2274 pro
591 2224 773 2273 adsueto,
809 2226 876 2262 vel
896 2239 983 2261 cum
1005 2222 1182 2261 molestia
1203 2234 1362 2275 ezr-perio
1387 2221 1604 2273 adhibuit,
1637 2238 1714 2260 un-

247 2277 299 2318 de
322 2289 462 2317 tamen
486 2293 572 2316 non
596 2290 866 2332 sequeretur,
899 2278 943 2317 id
972 2279 1162 2318 callidum
1195 2278 1457 2333 significare,
1494 2289 1540 2317 ut
1572 2279 1712 2318 versio

243 2335 436 2372 Parisina
466 2335 613 2383 habet;
648 2337 785 2374 inesse
815 2345 953 2374 tamen
989 2350 1077 2374 eam
1110 2336 1191 2374 vim
1223 2334 1344 2381 voci,
1377 2334 1500 2374 etiam
1526 2350 1578 2373 ex
1601 2350 1712 2373 com-

245 2391 390 2442 posito
413 2393 638 2441 ἐπίτριπτος
660 2402 797 2444 patet,
832 2392 882 2430 de
906 2406 990 2445 quo
1014 2390 1100 2431 vid.
1126 2391 1271 2444 Spanlz.
1294 2389 1344 2428 ad
1364 2391 1573 2442 Aristopk.
1598 2393 1708 2431 Plut.

244 2450 341 2490 275·
372 2445 453 2496 ,Ως
478 2447 621 2499 σεμνὸς
643 2466 662 2490 ο
683 2450 926 2499 e’zlwmzog:
956 2463 1075 2502 quam
1107 2465 1165 2486 ,εει
1168 2463 1204 2485 ιο
1228 2446 1336 2484 vultu.
1363 2445 1458 2484 haec
1479 2447 1577 2486 (licit
1601 2458 1710 2485 vete-

245 2514 364 2541 rator.
424 2504 576 2556 Ibique
600 2520 652 2543 ex
679 2505 801 2558 δορὴ.
832 2505 898 2556 Aj.
923 2510 1013 2547 104.
1058 2506 1286 2555 ἐπίτοιπτον
1309 2505 1490 2549 κίναδος,
1533 2503 1708 2551 callida,

243 2557 429 2608 scelesta,
456 2560 686 2615 vulpecula3
718 2575 855 2614 eoque
876 2571 998 2612 putat
1021 2559 1252 2613 respexisse
1271 2558 1512 2596 Andociden
1533 2558 1649 2598 O1-.at
1672 2559 1706 2599 Ι.

245 2629 285 2667 p·
310 2621 403 2658 222.
439 2617 468 2657 ὠ
496 2631 731 2668 συκοφαιτα
755 2619 820 2658 uti
850 2620 1077 2667 {nicom-1:01¹
1107 2618 1282 2661 κίναδος.
1330 2614 1524 2653 (air-aulas
1548 2616 1707 2654 Aristo-

241 2671 386 2724 phanis
422 2672 547 2711 verba
587 2673 735 2722 vertit,
779 2673 1094 2712 οονηηηίηισηιῖιιε
1126 2681 1167 2710 et
1195 2669 1335 2723 ρει(.7σι
1344 2671 1440 2734 ψιε,
1483 2673 1553 2709 vel
1581 2671 1707 2708 nimis

243 2727 417 2782 proprie
442 2726 495 2768 ad
517 2729 689 2770 verbum
708 2732 829 2786 τρίβω
851 2731 1105 2783 respiciens,
1139 2732 1207 2769 vel
1228 2728 1328 2782 quia
1348 2727 1393 2766 in
1415 2725 1562 2767 eodem
1582 2740 1707 2767 versu
