1781 3174
505 188 590 219 lm
662 186 1183 224 CHARONss-m„
1471 176 1568 223 461

107 301 151 328 τε
170 284 245 326 ’καὶ
269 280 541 338 ὑποπτήσσειν
564 288 683 326 ποιεῖ.
742 284 932 337 Decepit
956 286 998 324 T
993 283 1150 323 lzomam
1170 283 1390 323 'vernaculi
1411 299 1574 327 sermo-

109 341 177 380 nis
198 355 286 380 non
308 340 657 381 callentissimum
678 355 820 394 prava,
835 355 956 395 quam
970 355 1048 379 suo
1072 341 1116 378 in
1139 340 1287 378 codice
1309 343 1574 393 reperit‚Lu·

108 400 218 437 ciani
235 397 458 436 verborum
486 397 642 442 lectio:
673 397 834 441 bonum
857 407 940 447 est,
973 407 1016 437 et
1036 395 1174 435 indoli
1190 396 1366 448 linguae
1387 398 1574 439 Graecae

106 454 388 503 conveniens,
423 452 540 506 quod
571 454 616 490 in
638 453 795 492 nostris
828 453 922 493 edd.
947 456 1158 506 vulgatur.
1198 452 1384 493 Hmasrr.
1442 455 1576 495 Prae-

106 518 219 548 terea
239 510 498 556 notandum,
533 524 621 548 non
641 509 820 562 perinde
850 524 960 558 esse,
995 508 1212 561 quomodo
1235 507 1340 548 haec
1357 510 1484 549 verba
1508 513 1576 550 in-

108 574 431 619 terpffngantur.
462 567 589 604 Falso
611 566 973 618 interpunxerunt
997 566 1261 605 Basileenses
1287 571 1323 608 1.
1351 576 1392 607 et
1411 572 1450 612 3.
1475 576 1575 621 post

104 622 253 672 ἐνίοτε,
294 621 452 660 rectius
481 621 802 674 multo-Aldina
835 631 1015 676 utraque
1043 632 1141 674 post
1170 621 1391 675 ἐκπλήττει,
1434 624 1574 664 ita'ut

104 678 228 718 ἐνίοτε
250 679 318 719 καὶ
339 681 568 731 conjuncfta
593 677 646 716 ad
668 678 893 731 sequentia
916 678 1135 718 referenda
1156 680 1265 729 sint,
1301 680 1575 732 quemadmo-

107 734 207 771 dum
230 735 356 776 ἐνίοτε
376 736 444 776 καὶ
466 738 534 773 vel
552 736 678 776 ἐνίοτε
697 735 737 776 δὲ
754 735 823 776 καὶ
851 735 974 773 etiam
994 735 1098 773 alibi
1122 737 1329 787 occurrit,
1362 746 1411 774 ut
1430 737 1572 781 Prom.

105 789 152 827 in
174 790 300 832 Verb,
321 805 355 831 c.
381 796 418 834 6.
445 792 614 831 Timon.
635 806 671 830 c.
694 796 734 835 8.
762 801 804 830 et
821 792 975 842 passim
991 822 1000 838 ,
1034 790 1106 829 nbi
1128 792 1298 844 gravius
1323 791 1428 845 quid
1453 792 1575 845 addi·

104 854 187 885 tur.
249 846 330 885 Sed
355 861 484 900 quum
512 861 599 886 non
623 850 760 886 solum
791 848 965 886 Thomas
986 849 1077 897 M„
1112 846 1184 885 sed
1209 848 1336 886 etiam
1359 849 1575 904 interpre-

103 909 168 940 tes
194 904 418 954 nonnulli,
449 904 534 943 vim
554 904 655 942 'loci
680 918 767 942 non
803 903 993 943 adsecuti
1021 906 1132 951 sint,
1168 918 1276 957 quae
1303 905 1576 957 potissimum

103 957 148 996 in
190 958 437 998 discrimine
470 959 693 999 verborum
733 957 1016 1013 ἐκπλήττεσθαι
1048 971 1088 1000 et
1126 956 1401 1012 ’ὑποπτήσσειν
1430 963 1576 1014 posita

104 1023 192 1055 est:
225 1030 301 1069 age
325 1019 408 1069 jam
431 1015 482 1055 de
509 1015 754 1056 discrimine
773 1017 849 1055 ino
871 1016 1102 1057 videamus.
1158 1014 1475 1069 Ἐκπλήττεσθαι
1495 1018 1573 1057 ubi

104 1072 399 1124 metaphorice
423 1071 474 1111 de
492 1073 634 1110 animo
660 1072 820 1111 dictum
842 1074 1042 1119 occurrit,
1063 1087 1225 1126 semper
1250 1074 1300 1112 de
1318 1075 1461 1113 subito
1483 1075 1575 1113 ani-

105 1128 166 1168 mi
196 1127 354 1170 affectu
382 1138 635 1181 usurpetur,
680 1142 810 1181 quum
843 1129 938 1184 quis
966 1145 1008 1169 re
1041 1131 1185 1183 aliqua
1209 1139 1386 1177 ⁴externa
1418 1131 1479 1169 ita
1512 1140 1578 1170 est

108 1193 431 1234 consternatus,
463 1194 533 1234 ut,
569 1183 676 1238 quid
695 1195 817 1239 agat,
851 1185 1082 1239 cogitetve„
1114 1187 1159 1224 in
1176 1186 1259 1224 hoc
1283 1196 1396 1226 certe
1413 1196 1577 1239 tempo·

105 1241 165 1280 ris
204 1250 367 1293 puncto
395 1240 584 1287 nesciat3
629 1255 757 1294 quum
798 1241 1098 1293 obstupefacto
1132 1252 1173 1282 et
1202 1253 1319 1280 extra
1357 1257 1399 1282 se
1427 1244 1575 1296 posito

105 1311 207 1335 mox
237 1306 376 1335 tamen
408 1295 643 1350 colligendi
673 1311 764 1335 sese
791 1299 971 1335 facultas
1003 1297 1138 1337 datur.
1199 1298 1280 1337 Sed
1303 1294 1579 1352 ὑποπτήσσειν

106 1353 234 1392 dicun
248 1366 282 1393 ιι·
295 1368 331 1398 r,
364 1352 548 1391 maxime
573 1353 688 1405 apud
716 1363 908 1392 nostrum
931 1354 1204 1406 scriptorem,
1238 1355 1294 1404 ii,
1330 1356 1405 1409 qui
1429 1370 1579 1409 perpe-

107 1418 187 1448 tuo
211 1408 395 1460 quodam
416 1409 569 1448 timore
599 1410 715 1462 capti
737 1419 958 1459 tenentur,
992 1410 1119 1460 adeo,
1151 1421 1222 1460 ut,
1255 1425 1276 1448 a
1299 1426 1381 1465 quo
1406 1413 1576 1460 timent,

107 1466 255 1505 servili
287 1480 380 1505 eum
409 1465 551 1504 animo
574 1468 719 1504 colant
745 1477 1126 1519 revereanturque,
1159 1466 1274 1521 quod
1305 1467 1476 1521 quidem
1496 1483 1579 1507 usu

107 1521 158 1560 fit
184 1521 298 1575 apud
330 1531 477 1574 gentes
515 1536 537 1559 a
562 1531 746 1573 tyranno
779 1520 940 1561 crudeli
971 1523 1179 1563 subactas.
1263 1524 1390 1564 Unde
1420 1526 1580 1565 Mortt.

107 1577 244 1619 Diall.
264 1578 373 1628 XII,
392 1583 430 1622 6.
451 1578 695 1616 Alexander
709 1577 894 1617 Macedo
919 1579 1205 1619 Hannibalem
1230 1580 1336 1619 dicit
1355 1592 1484 1619 terras
1508 1596 1580 1621 oc-

106 1647 285 1687 cupasse
314 1657 372 1666 --
399 1631 710 1684 ὑποπτήσσοντα
747 1632 849 1687 ἤδη,
889 1638 977 1688 jam
1019 1635 1237 1689 depressas,
1284 1638 1350 1677 καὶ
1383 1636 1581 1691 δεσπότην

107 1686 398 1745 ὁμολογοῦντα.
458 1692 517 1729 Et
534 1689 682 1730 Somn.
705 1706 741 1732 c.
763 1696 800 1733 9.
824 1693 1066 1731 Doctrinae
1092 1692 1192 1732 deae
1211 1693 1436 1732 Lucianus
1459 1709 1578 1747 puer,

107 1747 145 1786 si
174 1747 320 1786 Artem
356 1748 613 1787 Statuariam
645 1756 828 1785 sectatus
860 1747 1017 1795 fuerit,
1052 1749 1286 1786 exstiturus
1320 1749 1495 1789 videtur.
1520 1747 1580 1792 ἆεὶ

104 1800 177 1845 τὸν
195 1802 423 1856 προῦχοντα
443 1799 736 1854 ὑποπτήσσων,
767 1802 1136 1844 excellentissimum
1156 1821 1343 1859 quemque
1364 1823 1483 1860 usque
1503 1806 1580 1846 dc·-

107 1862 228 1898 misso
253 1862 386 1898 animo
423 1875 618 1898 venerans.
693 1860 799 1914 Cum
831 1867 1071 1912 προςκυνεῖν
1101 1861 1379 1915 conjungitur
1407 1863 1579 1906 Timon.

110 1928 148 1953 c.
172 1918 211 1959 5.
273 1913 408 1967 Supra
427 1929 459 1955 c.
489 1920 554 1958 13.
585 1914 744 1955 Croeso
775 1913 1002 1955 videbatur
1024 1931 1136 1956 nova
1165 1931 1228 1956 res
1256 1931 1345 1956 esse
1364 1920 1486 1971 πένης
1509 1919 1579 1961 ἄν-

107 1977 281 2026 θρωπος
312 1965 387 2024 οὐχ
412 1967 705 2023 ὑποπτήσσων,
748 1989 827 2011 non
856 1972 1082 2012 subminens
1112 1990 1191 2013 sese
1217 1973 1310 2013 aliis
1336 1991 1434 2028 prae
1464 1988 1579 2016 metu.

107 2029 252 2082 Atque
282 2026 410 2081 hujus
441 2027 600 2080 ipsius,
634 2028 720 2066 nisi
751 2029 919 2082 egregie
943 2030 1092 2080 fallor,
1126 2031 1213 2068 loci
1240 2042 1435 2082 respectu
1456 2032 1577 2082 haee,

112 2082 166 2123 de
197 2083 350 2137 quibus
381 2086 462 2136 jam
498 2084 657 2137 agitur,
700 2085 828 2123 verba
861 2085 1105 2124 Mercurius
1140 2085 1270 2137 dicit,
1311 2087 1394 2126 hoc
1428 2103 1579 2130 sensu:

108 2140 266 2188 flletus,
306 2143 456 2194 quoties
484 2143 526 2178 in
560 2140 754 2179 hominem
790 2140 950 2189 incidit,
993 2153 1211 2182 consternat
1247 2154 1282 2181 et
1318 2143 1581 2200 obstupefacit

109 2196 339 2253 corfistim‚
374 2212 651 2250 nonnunquam
673 2213 761 2236 vero
781 2200 896 2235 etiam
923 2214 1005 2235 cum
1030 2201 1087 2237 ita
1105 2200 1252 2254 qffc'cil,
1284 2210 1326 2237 ut
1344 2204 1582 2253 potentiori-

111 2252 204 2303 bus,
231 2253 680 2307 praestantioribus-que,
713 2256 772 2292 uti
807 2252 944 2292 Croeso
964 2254 1118 2309 Lydiae
1148 2258 1268 2304 ciues,
1301 2273 1339 2294 se
1360 2257 1576 2309 submittat,

109 2319 145 2348 et
175 2308 316 2348 humili
335 2312 467 2348 animo
497 2324 560 2347 eos
580 2321 743 2348 sectetur
770 2321 1070 2364 revereatur-quc.
1129 2312 1335 2354 Brevius;
1366 2314 1502 2353 DIetus
1520 2317 1581 2353 in·

109 2364 243 2405 cidens
261 2376 501 2413 consternat,
535 2380 815 2420 nonnunquam
836 2368 954 2404 ctiam
969 2382 1130 2420 prorsus
1151 2366 1343 2421 deprimit.
1388 2370 1549 2411 LGm.

223 2475 322 2530 Pag.
346 2480 465 2521 60.1.
492 2482 529 2521 1.
563 2474 923 2532 Ἐπιπεπλεγμένα)
952 2478 996 2517 Ρ.
1021 2489 1062 2517 et
1087 2477 1150 2518 ed.
1176 2480 1214 2518 J.
1246 2480 1421 2527 melius,
1454 2496 1578 2537 quam

107 2533 467 2587 ἐπιπεπλεγμένον,
509 2534 624 2588 quod
655 2535 698 2573 in
727 2534 905 2588 reliquis
939 2544 1013 2577 est.
1057 2535 1224 2578 SOLAN.
1297 2538 1417 2577 Bene
1449 2540 1578 2578 etiam

110 2593 284 2643 vulgata
315 2589 464 2641 habet,
497 2601 547 2630 ut
573 2592 810 2630 mutatione
843 2605 930 2630 non
959 2591 1017 2631 sit
1049 2606 1170 2645 OPUS.
1231 2592 1440 2633 Codicum
1465 2594 1579 2635 duo-

110 2660 202 2684 rum
222 2645 375 2685 Parias.
401 2649 761 2702 περιπεπλεγμένον
788 2649 856 2688 vel
887 2658 1063 2701 propter
1094 2662 1273 2703 sequens
1304 2650 1500 2705 ἐπιπλοκὴ
1529 2653 1574 2691 in

107 2702 317 2743 Mercurii
337 2702 476 2743 verbis
496 2702 790 2759 rejiciendum.
831 2703 989 2747 mem.
