1781 3174
203 215 308 266 550·
556 230 1314 264 ADNo‘rA'rioNsss

203 345 283 383 αρα
302 331 433 371 τοῦτο.
493 328 681 369 Gesnerus
707 329 811 384 legit
839 332 1003 377 τοῦτον,
1036 337 1086 367 ut
1115 327 1344 382 effugiatur
1377 330 1664 371 soloecismus.

204 385 287 427 Sed
311 399 407 425 ecce
426 385 502 425 lib.
527 386 628 425 XII.
651 400 686 426 c,
709 391 779 429 60.
812 385 862 425 de
884 399 1114 458 congressu
1146 385 1356 436 Dionysii
1389 396 1429 425 et
1448 386 1664 440 Philippi,

205 443 360 485 Πολλοὶ
383 442 453 495 μὲν
473 443 570 491 οὐν,
605 459 659 490 ως
677 441 805 491 εἰκὸς,
836 444 905 484 καὶ
922 442 1031 483 <inm
1052 441 1164 495 λόγοι
1183 442 1439 496 ἐπέρόευσαν.
1473 444 1514 484 ἐν
1535 444 1575 484 δὲ
1585 449 1669 492 τοῖς

203 501 272 541 καὶ
291 500 433 541 ἐκεῖνο.
491 500 776 538 Posceretur’
760 504 934 548 εκεῖυος,
967 497 1084 553 λόγος
1112 512 1272 550 nempe.
1336 500 1391 537 Et
1423 499 1526 538 haec
1557 514 1668 538 com-

203 554 523 594 municabamus
549 554 762 607 quondam
786 571 878 594 cum
904 556 1039 593 amico
1062 564 1209 593 nostro
1231 554 1518 594 eruditissimo
1534 587 1545 604 ,
1579 556 1666 595 Jac.

200 611 428 658 Perizonio,
464 609 514 649 ad
532 610 700 651 Aeliani
718 614 859 650 locum
880 612 952 653 lib.
972 611 1090 649 XIV.
1113 625 1146 648 c.
1173 615 1238 654 37
1272 612 1346 682 qui
1376 615 1507 664 vulgo
1528 612 1589 650 sic
1606 615 1669 650 le-

203 667 340 735 gitur,
361 664 477 709 ’Ἐστι
495 665 570 721 γάρ
593 685 629 708 τι
647 674 733 716 ταῖς
747 670 1012 723 χειρουργίαις
1040 664 1195 718 σοφὸν,
1234 668 1303 707 καὶ
1333 668 1374 710 ἐν
1402 667 1570 716 τούτοις.
1591 669 1670 712 καὶ

201 722 330 765 πολλὰ
348 723 417 775 μὲν
440 725 508 765 καὶ
539 723 635 766 ἄλλα
666 723 833 766 δύναταί
856 742 914 773 τις
939 728 1189 777 καταγνῶναι
1215 725 1353 776 ἔχοντα
1379 723 1525 779 ταύτη,
1561 727 1602 766 ἐν
1628 725 1669 766 δὲ

200 786 286 828 τοῖς
305 781 374 821 καὶ
402 781 528 822 ἐκεῖνο
552 791 631 820 etc.
688 781 913 834 Rejiciunt
935 780 1092 819 eruditi
1125 780 1299 818 Ραίηιηη
1321 784 1531 834 legentem
1560 798 1670 835 7er-

202 837 380 890 ουργίας.
439 837 496 875 At
526 837 638 876 sicut
661 851 740 876 nec
770 852 848 891 ego
880 837 1010 875 Fabro
1045 835 1265 887 adsenti03
1306 836 1365 874 ita
1396 837 1667 887 non-video,

201 892 278 930 ubi
302 901 517 931 texturam
544 893 698 932 horum
730 894 955 932 verborum
982 895 1269 944 contemplor,
1303 893 1558 931 concinnum
1580 908 1670 932 esse

201 949 248 987 in
272 949 313 989 εὐ
334 966 492 997 τουτοις
510 963 706 991 sensum·
695 979 706 996 ‚
739 963 878 1002 neque
903 949 1015 988 enim
1039 948 1083 986 id
1108 949 1206 986 satis
1228 948 1447 988 commode
1469 950 1519 987 ad
1552 947 1601 1004 ἀγ
1594 949 1671 990 02).-

201 1021 306 1058 ματα
327 1014 369 1044 et
388 1005 566 1054 εἰκόνας,
598 1005 650 1044 de
669 1005 823 1060 quibus
844 1005 1085 1057 praecessit,
1117 1004 1265 1044 referri
1288 1019 1413 1057 posse
1432 1015 1550 1057 puto.
1582 1007 1672 1044 Mi-

201 1060 249 1099 hi
269 1071 463 1100 censetur
486 1061 675 1100 tollenda
699 1072 796 1112 post
821 1063 861 1104 ἐν
879 1060 1056 1111 τούτοις,
1089 1061 1160 1098 illa
1183 1064 1308 1102 τελεία
1330 1077 1404 1115 στι)
1407 1079 1483 1114 ιι),,
1516 1061 1672 1116 (quam

202 1116 330 1155 etiam
355 1131 441 1155 uon
464 1117 659 1171 agnoscit
685 1118 877 1157 Romana
902 1118 1066 1171 editio)
1099 1126 1139 1155 et
1161 1118 1298 1155 omnia
1332 1102 1402 1155 itz¹1
1416 1128 1671 1157 connecten-

202 1171 278 1212 da:
310 1172 474 1212 Habent
491 1176 592 1212 enim
613 1173 684 1212 hac
708 1186 810 1214 artes
826 1207 836 1226 ,
867 1191 966 1229 quaa
985 1173 1434 1228 ⁷71anujz'unt‚alzqm'cl
1465 1178 1672 1227 sapientis·

199 1230 315 1282 inque
330 1229 412 1268 illis
434 1230 647 1280 (artibus)
668 1230 793 1269 multa
823 1231 978 1286 auidem
999 1243 1033 1269 ct
1063 1233 1176 1268 zarin
1196 1233 1282 1283 quis
1312 1233 1436 1298 poss-it
1461 1230 1673 1283 deprehen—

201 1284 290 1323 dere
307 1287 365 1323 ita
383 1302 460 1324 scse
479 1286 690 1338 habentia‚·
718 1289 818 1326 inte]
838 1288 933 1326 haec
952 1303 1040 1327 vero
1066 1297 1101 1325 et
1131 1286 1234 1324 illud
1252 1296 1332 1325 etc.
1387 1282 1458 1327 Ev
1488 1305 1672 1339 τουτοις,

201 1339 285 1380 hoc
315 1351 401 1390 est,
433 1344 476 1383 ἐν
502 1345 770 1406 χειρουογίαις
803 1344 940 1382 omnis
973 1343 1155 1397 generis.
1226 1341 1392 1390 Τούτοις
1421 1356 1561 1382 autem
1592 1359 1669 1396 pro

199 1393 385 1445 ταύταις,
420 1398 562 1450 qualia
582 1398 654 1436 illa
676 1402 891 1452 exempla,
923 1414 1028 1453 quae
1062 1409 1103 1438 et
1128 1398 1242 1450 apud
1274 1399 1389 1436 hunc
1418 1400 1669 1451 scriptorem

201 1462 245 1492 et
261 1452 487 1492 Lucianwn
508 1464 700 1493 nostrum
729 1469 855 1508 supra
883 1455 1084 1494 vidimus.
1147 1455 1370 1493 Caetexum
1408 1457 1542 1493 nolim
1575 1457 1668 1509 quis

201 1508 442 1559 existimet,
476 1509 579 1548 haec
603 1510 662 1549 ita
686 1512 938 1559 meafferre,
973 1510 1094 1573 quasi
1125 1510 1383 1552 contendere
1415 1514 1567 1561 velim,
1599 1527 1669 1562 ea,

200 1579 307 1619 quae
332 1579 385 1603 ex
409 1566 599 1619 antiquis
623 1567 904 1619 scriptoribus
927 1581 1004 1620 pro
1039 1567 1206 1606 vitiosis
1238 1567 1421 1618 protuli,
1454 1569 1671 1608 verissime

202 1634 292 1659 esse
312 1620 468 1660 vitiosa
491 1622 658 1661 omnia:
691 1624 839 1675 potius
858 1623 962 1662 haec
992 1623 1161 1663 erudito
1187 1623 1336 1661 lectori
1365 1623 1570 1662 hactenus
1593 1640 1669 1664 ex-

199 1675 322 1714 hibui
346 1686 388 1716 et
409 1677 638 1730 proposui,
670 1688 718 1716 ut
742 1679 868 1717 simul
890 1679 1111 1731 profitear,
1143 1693 1221 1727 me,
1253 1679 1288 1716 si
1311 1679 1416 1731 quid
1437 1681 1575 1718 minus
1599 1681 1669 1718 di-

198 1732 383 1787 ligenter
406 1735 715 1786 perspexerim,
749 1735 946 1774 lubenter
976 1736 1150 1774 meliora
1183 1734 1326 1773 doceri
1362 1738 1472 1774 velle
1498 1751 1519 1773 a
1555 1751 1670 1790 quo-

200 1802 393 1842 cunque,
428 1789 502 1843 qui
526 1804 619 1828 cum
643 1801 814 1831 nostrae
844 1792 888 1828 in
909 1791 975 1829 his
1004 1791 1142 1830 literis
1171 1789 1460 1829 medioclitati
1491 1806 1670 1831 succur-

199 1859 313 1894 rer,e
347 1854 435 1883 tum
461 1845 564 1883 his
553 1847 660 1899 lpsis
679 1848 814 1886 literis
834 1847 948 1885 haud
971 1848 1166 1885 inutilem
1188 1860 1342 1885 navaie
1365 1861 1545 1899 operam,
1580 1864 1669 1888 non

201 1911 400 1955 gravatus
420 1901 564 1943 fuerit.
595 1902 682 1940 In
671 1904 775 1956 1psis
797 1904 936 1956 poe'ris
963 1917 1135 1956 queque
1165 1917 1186 1940 a
1209 1903 1519 1943 recentioribus
1542 1906 1670 1945 Grae-

200 1957 260 1996 cis
277 1957 510 2012 magistris,
543 1972 596 1997 ne
617 1957 668 1998 de
687 1960 924 1999 Armistarcho
949 1960 1129 2012 aliisque
1156 1957 1371 1998 veteribus
1405 1959 1581 2000 C1iticis
1607 1965 1670 2000 lo-

200 2026 328 2065 quar,
381 2017 587 2052 nonnulla
628 2029 706 2067 pro
747 2016 926 2054 soloecis
967 2025 1112 2054 notata
1148 2025 1271 2052 sunt:
1316 2016 1670 2067 quemadmodum

199 2069 514 2109 Sclzoliastarnm
532 2071 577 2107 in
601 2085 672 2110 eos
696 2072 824 2110 lectio
845 2072 945 2110 satis
969 2081 1169 2111 testatum
1204 2070 1382 2109 cuilibet
1403 2074 1542 2112 facere
1573 2088 1669 2125 pos-

198 2125 268 2163 sit.
328 2126 402 2167 Sic
424 2135 546 2166 vetus
569 2126 809 2168 Scholiastes
832 2127 998 2168 Homeri
1023 2141 1262 2180 anonymus
1284 2126 1335 2164 ad
1361 2127 1467 2167 haec
1488 2143 1542 2169 ex
1562 2131 1612 2172 ll.
1635 2136 1669 2173 I.

196 2195 237 2223 v.
262 2183 361 2226 598.

1041 2262 1097 2271 —
1128 2236 1179 2282 οῧ
1196 2240 1233 2281 τί
1251 2256 1302 2294 με
1325 2238 1470 2294 ταύτης

700 2295 816 2351 Χοεῶ
833 2301 950 2350 τιμῆς
977 2319 1033 2326 --·

198 2360 344 2401 notat,
381 2350 427 2390 id
447 2366 532 2392 esse
556 2334 813 2407 σολοικισῖιὸν
843 2371 953 2408 παρα
979 2369 1050 2402 τας
1077 2351 1270 2402 πτώσεις·
1311 2352 1506 2392 debuisse
1536 2353 1668 2393 nimi-

197 2421 290 2445 rum
321 2407 538 2448 Homerum
569 2409 860 2461 dicere,01’5n
888 2427 956 2463 μοι
986 2408 1131 2462 ταύτης
1161 2408 1259 2465 χοεώ
1287 2415 1415 2463 τιμῆς.
1459 2410 1668 2452 Similiter

197 2463 347 2502 scribit
376 2464 486 2504 idem
509 2476 818 2505 commentator
851 2467 902 2504 ad
922 2467 973 2508 11.
996 2471 1046 2507 K.
1070 2481 1108 2507 v
1131 2471 1201 2511 43.

418 2521 538 2574 Χρεω
564 2524 746 2576 (Jovtoyg’
730 2523 794 2575 εμὲ
811 2526 878 2563 nsi
901 2537 952 2564 σε.
983 2546 1040 2554 -

194 2573 263 2612 An
294 2589 394 2615 vero
429 2592 575 2617 revera
602 2578 704 2618 haec
738 2579 903 2618 locutio
939 2580 1000 2618 sit
1026 2582 1216 2627 soloeca,
1257 2594 1345 2619 non
1378 2579 1540 2632 judico.
1600 2579 1660 2621 ΙΙ.

196 2631 417 2684 Stephanus
436 2645 580 2673 censet
600 2649 688 2674 esse
711 2635 997 2674 accusativum
1021 2650 1098 2689 pro
1121 2636 1238 2674 dativ
1228 2651 1291 2675 o:
1325 2636 1428 2689 quid
1453 2651 1553 2676 vero
1576 2637 1661 2675 hoc

193 2701 216 2725 a
240 2689 491 2727 soloecismo
515 2691 710 2739 differat,
743 2705 830 2730 non
851 2692 992 2730 video.
1054 2693 1182 2731 Forte
1217 2693 1420 2746 quaedam
1451 2703 1513 2732 est
1533 2694 1662 2744 ellip-

196 2743 273 2793 sis,
309 2747 428 2796 cujus
458 2747 566 2786 ratio
605 2747 793 2787 nondum
814 2748 870 2787 sit
904 2750 1027 2801 plane
1056 2758 1288 2802 perspecta.
1349 2750 1499 2788 Paullo
1529 2751 1662 2801 majo-
