1781 3174
415 196 475 228 1N
548 193 824 226 vrrAnum
893 192 1270 232 anemonen.
1473 182 1572 232 533

108 298 334 338 Lucianum
354 304 514 333 motum
539 291 672 331 fuisse
698 307 862 343 caussa,
894 301 942 331 ut
962 290 1221 346 Pyrrhonem
1240 295 1378 332 solum
1401 295 1568 349 generis

109 355 282 393 nomine
317 350 621 403 distingueret3
654 363 777 402 quam
811 348 1007 401 equidem
1037 358 1240 401 exputare
1270 363 1358 388 non
1381 365 1565 404 possum.

109 413 244 463 Ptope
274 409 406 463 igitur
432 406 570 455 abest,
604 415 654 443 ut
682 419 775 443 cum
798 405 947 444 solano
980 405 1147 444 faciam.
1208 405 1404 460 Seybolclo
1426 417 1566 448 tamen

109 467 221 505 nihil
240 462 487 503 mutandum
510 461 756 510 videbatur,
788 475 1062 516 quamquam,
1094 476 1178 518 quo
1201 465 1416 517 vulgatam
1436 465 1567 504 ratio-

108 538 200 561 nem
222 529 430 568 tueretur,
462 517 604 555 nihil·
593 532 637 556 m
668 517 850 556 medium
872 518 1065 571 protulit.
1132 517 1378 559 Wielandius
1405 520 1451 559 in
1469 534 1565 561 vet-

107 579 228 618 sione
249 576 378 615 tacite
402 551 545 613 S’olani
567 577 851 627 conjecturam
875 583 1043 613 secutus
1064 583 1139 614 est.
1185 575 1342 615 me.

217 633 322 672 Ibicl.
357 626 518 680 Οὐδὲν)
549 631 646 669 Hoc
669 631 750 676 ait,
783 630 984 685 quoniam
1010 625 1289 683 ἀκαταληψίαν
1309 633 1562 702 ἐπρέσβευεν·

103 692 204 743 αὕτη
226 689 268 732 δὲ
288 687 542 740 ἀκαταληψία
564 684 607 728 τὸ
630 687 752 755 μηδὲν
771 688 1026 739 ἐφικνεῖσθαι
1043 686 1144 741 πρὸς
1161 693 1309 741 λῆψιν,
1341 687 1438 731 ἄλλα
1456 687 1563 731 πάν-

101 765 150 790 τα
173 742 467 814 διαδιδρασκειν
489 760 630 796 αυτης,
665 740 782 785 οὐδὲν
801 746 855 791 εἰς
877 758 1027 798 γνωσιν
1045 746 1144 798 ἐχειν
1167 748 1288 787 δοκεῖ.
1332 746 1561 814 Propterea

103 799 255 843 dicit
233 821 253 845 ο
274 800 452 855 Πύρῤων
479 797 727 849 ἆδυνατως’
715 801 772 853 ε’χε
758 817 814 841 ειν
839 801 1036 854 δοαπὲτην
1065 799 1340 873 μεταιξιώκειν,
1369 799 1458 855 ἤτοι
1475 804 1561 845 ἐπεὶ

100 879 148 902 τα
188 877 262 912 την
298 858 491 922 γνῶσιν.ἱνε
514 855 855 911 αποφυγγάνοντα
888 854 979 899 οὐδὲ
1012 859 1109 899 ἑλεῖν
1141 855 1226 907 οἰός
1252 876 1291 901 τε
1318 859 1408 912 εἶμί.
1486 860 1560 900 De

99 916 321 969 Pyrrhone
341 915 460 968 lege
451 929 495 952 m
518 913 568 953 de
589 913 671 954 Off
698 913 776 954 Cic.
797 914 834 952 si
861 923 973 953 recte
999 914 1185 955 memini.
1222 913 1267 956 G.
1316 915 1345 944 ᾗ
1374 914 1445 954 Sic
1468 925 1559 954 erat

100 974 145 1012 in
163 972 330 1011 schedis
355 972 404 1013 G.
425 985 504 1024 ego
525 967 850 1024 ἆποτυγχανοντα
868 984 889 1007 a
910 970 1042 1021 prima
1065 986 1191 1009 manu
1215 971 1350 1010 fuisse
1370 971 1564 1011 credide-

97 1032 191 1068 rim.
232 1030 322 1069 SOL
328 1043 401 1066 xv
461 1028 759 1066 Rectissimum
791 1037 854 1064 est
883 1022 1244 1081 αποφυγγᾶνοιτα,
1276 1042 1354 1067 nec
1386 1027 1558 1066 sollici-

96 1084 295 1132 tandum,
327 1094 377 1122 ut
411 1084 636 1123 manifesto
657 1093 774 1136 patet
800 1098 852 1122 ex
874 1083 1188 1137 διαδιδράσκειν,
1221 1084 1418 1138 δραπέτην
1445 1101 1557 1136 μετα-

94 1139 272 1191 διώκειν,
304 1151 345 1180 et
372 1142 496 1191 ἑλεῖν,
530 1154 636 1193 quae
664 1140 838 1178 verbum
871 1139 978 1177 illud
1004 1143 1244 1193 postulant:
1275 1143 1451 1180 alterum
1475 1140 1556 1180 hac

96 1208 307 1237 structura
329 1211 380 1236 ne
403 1198 608 1235 Gxaecum
630 1195 812 1249 quidem.
865 1196 1047 1235 Hnus'r

208 1250 969 1308 Ρα3.125.1.9.Οὖκαταλιμβάνω)
1000 1252 1213 1292 Nimirum
1237 1250 1558 1305 καταλαμβάνειν

95 1310 148 1350 ad
177 1311 421 1349 intellectus
452 1310 700 1348 facultatem
740 1309 986 1348 crobenime
1012 1310 1201 1348 referunt
1233 1308 1423 1363 Sceptici
1458 1322 1554 1346 cum

92 1366 336 1414 Academia,
371 1375 614 1418 negantque
637 1364 800 1419 aliquid
822 1380 843 1404 a
866 1379 909 1403 se
930 1365 1223 1434 comprehendi,
1253 1365 1292 1407 h.
1312 1379 1347 1406 e.
1367 1367 1491 1417 plene
1511 1373 1554 1403 et

94 1425 187 1462 sine
214 1422 404 1475 oppositi
434 1420 667 1460 foimidine
696 1421 912 1475 cognosci.
973 1422 1091 1460 Haec
1121 1432 1183 1461 est
1200 1418 1455 1476 ἆκαταληψία
1478 1421 1554 1460 illa

91 1480 273 1528 nobilis,
306 1479 350 1516 in
370 1492 450 1530 qua
473 1491 588 1516 more
608 1492 685 1516 suo
708 1488 892 1531 nugatur
911 1477 1246 1519 Nosiet.G1-:SN.

203 1536 301 1589 Pag.
329 1541 420 1578 126
442 1537 466 1574 l.
493 1538 559 1576 16
605 1532 716 1575 Κατὰ
737 1532 805 1575 τὸν
822 1551 862 1587 χε
847 1535 937 1587 ίοω
956 1534 1026 1575 λὸ
1006 1534 1105 1599 γον)
1136 1534 1376 1589 Adscripsit
1393 1531 1458 1573 his
1479 1548 1552 1588 pa-

90 1603 155 1632 ter
176 1602 320 1631 notam
341 1592 391 1630 ab
415 1589 700 1630 Bour'delotio
689 1605 733 1629 m
755 1592 943 1643 margine
963 1591 1157 1643 positam,
1190 1606 1354 1645 nempe,
1387 1590 1552 1631 Allndit
1574 1643 1575 1646 Ἴ

88 1647 235 1703 λόγους
263 1646 366 1701 ’ἧττω
401 1649 466 1688 καὶ
493 1650 675 1700 κρείττω,
708 1663 805 1702 quos
826 1658 981 1686 vocant.
1039 1647 1139 1686 Non
1164 1657 1304 1700 potest
1327 1649 1436 1687 enim
1459 1661 1551 1686 esse

90 1705 292 1754 dubium,
330 1705 433 1756 quin
463 1704 520 1741 sit
545 1703 691 1756 inepta
723 1704 801 1741 ista
834 1701 1294 1752 animadve1sio,cum
1325 1703 1438 1741 nihil
1468 1703 1551 1741 ista

89 1765 160 1801 vel
187 1760 238 1799 ad
265 1775 411 1799 vocem
443 1776 481 1811 χε
478 1762 581 1811 ίρω,
625 1762 692 1798 vel
725 1758 776 1796 ad
804 1758 1067 1798 Lucianeum
1096 1758 1165 1814 lo)
1171 1777 1216 1802 ov
1244 1760 1419 1799 faciant.
1491 1760 1552 1797 Et

89 1821 215 1871 plane
239 1816 393 1855 alludit
410 1825 557 1854 auctor
578 1814 629 1853 ad
654 1829 722 1860 ea,
757 1829 865 1867 quae
887 1818 1031 1885 paulo
1036 1826 1133 1854 ante
1156 1815 1404 1855 vendendus
1429 1813 1548 1853 dixe-

89 1884 177 1923 rat,
221 1888 262 1912 se
292 1876 358 1926 ζυγ
364 1877 540 1913 οστατεῖν
573 1888 666 1919 τους
693 1868 837 1925 λόγους
866 1872 931 1912 καὶ
959 1869 1059 1924 ποός
1085 1871 1128 1914 τὸ
1162 1871 1250 1914 ἴσον
1283 1868 1547 1914 ἀπευθύνειν.

89 1931 207 1969 Hinc
225 1928 365 1980 lepide
387 1927 513 1977 ludit,
547 1938 588 1965 et
608 1927 847 1976 denuntiat,
881 1942 922 1966 se
942 1930 1090 1970 πείσειν
1114 1927 1170 1970 εἶα
1175 1947 1211 1970 αι
1232 1927 1440 1980 δεσπότην
1471 1928 1550 1965 mi·-

91 1987 251 2026 seriore
275 1983 596 2039 a1gumentandi
618 1983 767 2030 nxodo3
801 1998 875 2036 per
900 1982 1023 2037 flagra
1045 2000 1206 2038 nempe.
1265 1986 1470 2024 Similiter
1486 1987 1549 2022 10.-

92 2044 239 2094 quitur
255 2056 332 2094 pro
363 2044 503 2106 lapsu
511 2041 622 2078 inter
649 2039 939 2078 salutandum:
974 2038 1082 2094 ὅμως
1108 2047 1164 2096 τῷ
1187 2042 1326 2091 (δικαίῳ
1346 2039 1447 2095 λόγῳ
1473 2055 1549 2080 ουκ

91 2097 142 2139 ἄν
171 2099 240 2148 ἔξω
271 2100 355 2149 εἴης
381 2102 456 2138 τοῦ
480 2093 676 2149 ἡιιαρτηκ
662 2097 743 2137 εἰνα
816 2097 866 2134 In
890 2097 1171 2137 Harmonide:
1204 2097 1309 2141 οὕτω
1339 2096 1417 2140 δὲ’
1399 2096 1478 2152 α’ρα
1498 2111 1547 2138 συ

89 2156 244 2209 ἓίιελλες
263 2151 357 2205 ημῖν
378 2156 597 2204 φαίνεσθαι
614 2158 667 2193 2-‹3
688 2154 793 2193 δῶκ’
780 2169 825 2192 ιω
845 2152 960 2206 λόγῳ.
1000 2155 1141 2194 Gnon.

203 2210 308 2249 Ibisl.
347 2210 426 2251 Τὸν
444 2211 559 2263 χείρω
581 2199 727 2262 λόγον)
758 2210 1115 2275 I)iog.Lct<{·t.i11
1143 2211 1258 2252 Socr.
1298 2209 1398 2250 Gell.
1429 2209 1480 2253 V
1503 2215 1542 2253 3.

87 2266 524 2319 Vonsr.A1i..stoplz
550 2265 838 2310 Nub.111,2
858 2263 999 2320 λόγος
993 2264 1118 2319 ἥττων
1137 2270 1204 2308 καὶ
1224 2270 1423 2320 κρείττων.
1457 2267 1546 2304 So—

91 2339 195 2363 LAN.
258 2326 432 2376 Κρείττω
454 2325 692 2376 (κρείττων)
711 2320 828 2373 λόγος
849 2332 932 2371 est,
965 2337 1058 2361 cum
1080 2323 1299 2362 verborum
1320 2321 1541 2373 industria,

91 2395 123 2418 s.
148 2379 495 2430 sophismatibus,
519 2392 662 2416 caussa
696 2377 902 2416 infirmior
925 2378 971 2416 fit
992 2379 1159 2418 fortior.
1207 2380 1335 2418 Conf.
1354 2379 1542 2420 Aeschin.

90 2437 251 2475 Socrat.
271 2437 390 2474 Dial.
413 2441 452 2479 2.
477 2441 510 2483 ς.
539 2440 602 2477 10.
624 2436 654 2474 f.
680 2432 782 2486 ἥττω
802 2432 965 2488 (ἥττων)
986 2445 1121 2474 autem
1143 2440 1208 2475 vel
1228 2438 1343 2489 χείρω
1365 2438 1542 2489 (χείρων)

90 2489 232 2545 λόγος,
274 2495 386 2543 ejuS,
419 2492 493 2544 qui
519 2491 730 2539 vincitur,
777 2491 941 2529 etiamsi
975 2506 1159 2530 caussam
1192 2496 1342 2544 justam
1375 2492 1540 2533 habeat.

90 2548 296 2601 Aristoph.
322 2547 434 2588 Nub.
459 2553 550 2591 112.
575 2557 799 2599 utrumque
820 2546 932 2584 hunc
953 2562 1184 2587 sermonem
1202 2552 1412 2598 explanat,
1431 2563 1543 2587 eum-

92 2619 174 2659 que
194 2605 301 2642 falso
323 2603 490 2643 Socrati
518 2603 691 2648 tribuit,·
731 2601 819 2642 vid.
848 2603 1035 2642 Clcricnm
1056 2604 1107 2642 ad
1127 2603 1270 2646 Aesch.
1293 2609 1323 2646 l.
1342 2620 1377 2647 e.
1407 2605 1542 2646 Scho-

91 2662 237 2716 liaque
258 2670 300 2699 et
319 2659 556 2715 iuterprett.
577 2659 629 2699 ad
649 2660 908 2713 Aristoplzan.
940 2661 1102 2700 Rnrrz.
