1781 3174
484 234 557 265 1N
626 232 1132 268 visorii-orient.
1441 228 1538 280 561

74 341 208 393 ingens
235 339 530 378 instrumentum
564 331 620 371 acl
658 331 818 372 tutelam
855 335 973 386 regni.
1030 335 1292 378 Demochares
1320 340 1378 379 acl
1402 341 1534 393 illum,

74 395 380 435 Parrhesiastes
406 391 453 431 ob
482 392 642 429 nimiam
675 400 711 430 et
734 405 941 441 procacem
968 390 1141 445 linguam
1164 395 1405 448 appellatus,
1440 404 1539 440 inter

73 453 175 492 alios
191 451 485 490 Atheniensium
505 447 654 499 legatos
673 457 850 486 venerat:
881 446 1020 487 audita
1040 449 1199 504 benigne
1217 451 1419 505 legatione,
1442 457 1537 497 Phi.

71 509 223 562 lippus,
255 506 426 556 Dicite,
456 507 604 558 inquit,
636 502 766 551 mihi,
800 503 938 542 facere
969 505 1072 557 quid
1104 521 1297 558 possum,
1333 511 1449 564 quod
1479 514 1538 553 sit

70 562 407 604 Atheniensibus
428 559 626 615 gratum?
657 559 830 613 Excepit
845 561 1130 602 Demochares:
1162 566 1238 615 Te,
1270 568 1411 620 inquit,
1443 583 1540 608 sus·

70 620 267 676 pendere.
304 620 468 658 RmTz.

183 676 279 729 Pag,
294 679 388 718 150.
407 677 435 712 l.
452 679 488 716 1.
515 668 879 730 Ἐπευφρατιδίων)
908 674 1101 729 Rogatus
1115 676 1337 717 Lucianus
1356 681 1538 733 patriam

71 748 212 783 suam,
244 732 326 781 ait,
359 735 494 784 Σῦρος
513 731 615 782 (εἰμὶ
631 729 822 781 scilicet)
846 731 876 771 ώ
904 734 1156 785 Φιλοσοφία,
1189 740 1268 777 τῶν
1285 733 1348 777 ἐπ’
1369 732 1540 790 Εὐφρα-

69 792 221 832 τιδίων.
283 787 558 841 Conjunctim
599 785 823 840 legendum
850 785 1219 840 Ἐπευφρατιδίων,
1261 791 1394 845 probe
1425 794 1540 835 vidit

71 845 385 885 eruditissimus
420 843 509 890 vir,
543 843 631 882 Jac.
668 841 897 882 Gronovius.
958 846 1017 883 Et
1050 857 1160 885 certe
1191 848 1249 886 ita
1275 848 1401 888 habet
1422 851 1535 893 Flor.

72 902 233 948 editio;
274 911 435 940 ceterae
466 900 623 938 vitiose
655 897 716 940 ἐπ’
749 897 1049 953 Εὕφρατιόίων.
1083 903 1208 944 Jnxs.
1266 902 1540 961 Ἐπευφρατι·

71 962 171 1001 δίων
192 959 235 996 iu
264 967 426 997 textum
452 956 595 1009 recepi
622 969 674 994 ex
702 956 766 995 Fl.
793 970 839 994 ac
864 957 1040 1009 jubente
1062 958 1214 999 Solarzo
1237 975 1331 1000 cum
1366 961 1536 1004 Gronov.

73 1017 202 1068 (licet
222 1028 380 1064 omnes,
413 1027 516 1066 quas
540 1013 723 1064 inspexi,
755 1012 865 1054 Edd.
892 1013 1140 1067 disjunctim
1162 1015 1347 1056 habeant
1367 1018 1433 1061 ἐπ’
1457 1017 1540 1063 Εὖ.

71 1073 324 1128 φρατιδίων)
347 1070 446 1124 quia
469 1069 704 1108 necessaria
730 1079 818 1108 erat
838 1069 942 1108 haec
960 1072 1180 1113 correctio.
1228 1075 1395 1118 Rm'rz,

184 1127 287 1167 Ead.
310 1130 337 1166 1.
361 1131 399 1170 4.
432 1124 606 1179 Σολέας)
639 1124 749 1165 Vide
770 1125 1030 1175 Scholiasten,
1057 1130 1176 1179 cujus
1201 1133 1413 1184 catalogo,
1438 1133 1538 1188 quia

72 1185 124 1225 de
143 1184 399 1237 Babyloniis
427 1192 560 1233 tacet,
594 1180 810 1221 addendus
843 1183 1065 1237 Diogenes
1091 1184 1262 1224 Stoicus
1287 1197 1328 1226 et
1351 1189 1541 1229 Posido-

68 1242 192 1291 nius,
223 1241 295 1279 hic
319 1239 569 1293 Apamensis
589 1239 742 1290 Syrus,
773 1238 845 1278 ille
871 1239 1135 1279 Seleucensis
1161 1240 1214 1279 ad
1243 1243 1431 1297 Tigrim,
1465 1246 1540 1286 sed

70 1297 337 1351 Babylonius
360 1306 500 1334 tamen
524 1294 735 1336 audiebat.
769 1296 916 1348 (Diog.
938 1296 1077 1336 Laert.
1100 1311 1142 1348 p.
1166 1301 1259 1342 157.
1280 1299 1354 1348 C.)
1377 1301 1476 1341 vide
1497 1313 1542 1343 et

73 1364 266 1393 nostrum
289 1353 339 1392 de
364 1362 547 1404 utroque
570 1352 615 1389 in
636 1351 830 1390 Mam-ob.
856 1366 945 1404 cap.
967 1357 1035 1395 20.
1055 1352 1161 1392 Ρῖιιι.
1187 1360 1308 1399 1073.
1331 1357 1361 1399 f.
1422 1359 1537 1398 Alte.

73 1425 165 1450 rum
197 1408 343 1448 Posid.
374 1416 589 1447 memorat.
620 1409 738 1460 Diog.
774 1408 911 1448 La'c‘rt.
936 1413 1028 1452 173.
1060 1408 1111 1449 C.
1169 1410 1292 1451 Adde
1321 1413 1473 1464 etiam,
1505 1416 1542 1454 si

73 1467 217 1515 lubet,
250 1463 573 1504 Athenodorum
608 1473 649 1503 et
667 1464 852 1503 Nestora
879 1466 1130 1513 Tarsenses,
1164 1482 1216 1506 ex
1240 1467 1336 1509 eod.
1359 1470 1461 1511 Luc.
1483 1473 1542 1510 li·-

71 1523 163 1563 bro.
225 1520 375 1571 Σολεὺς
398 1518 656 1575 Χρύσιππος,
692 1520 847 1573 Origem
868 1536 902 1560 c.
924 1521 1035 1560 Cels.
1056 1527 1201 1574 196‚9.
1224 1534 1266 1563 et
1287 1525 1395 1565 Plnt.
1419 1533 1541 1573 1073.

73 1581 107 1619 f.
131 1578 349 1619 Tarsensis
380 1580 505 1618 etiam
533 1577 798 1631 quibusdam.
858 1579 1110 1632 Protagoras
1141 1579 1388 1633 Abderites,
1422 1599 1444 1624 e
1465 1584 1542 1625 ba·-

72 1639 180 1691 julo,
213 1634 454 1674 Democriti
480 1634 651 1672 auditor
673 1643 752 1672 etc.
812 1634 930 1687 Diog.
953 1635 1091 1675 La'c'rt.
1111 1641 1207 1680 249.
1230 1638 1276 1680 F.
1298 1639 1425 1679 etiam
1447 1641 1543 1682 Cle.

74 1691 227 1731 archus
249 1691 441 1732 Solensis
463 1689 707 1730 Aristotelis
729 1689 978 1744 discipulus.
1018 1692 1190 1732 SOLAN.

188 1748 294 1789 Eacl.
315 1751 342 1790 l.
365 1753 403 1792 8.
437 1746 587 1794 ’Ἀλλως
617 1750 716 1800 γοῦν
746 1751 864 1788 τοῦτο
891 1743 1061 1800 ἠρόμην.
1095 1746 1120 1801 ἦ
1149 1750 1266 1804 τέχνη
1289 1751 1333 1793 δέ
1348 1765 1411 1795 σοι
1432 1755 1544 1806 τίςς)

79 1805 190 1860 Quis
210 1813 354 1858 posset
379 1803 453 1842 has
477 1816 602 1842 voces
620 1803 678 1840 ita
699 1803 984 1855 interpretari,
1016 1813 1064 1842 ut
1085 1805 1252 1845 faciunt
1273 1807 1541 1862 interpretes,

75 1878 203 1901 verum
228 1871 262 1899 et
282 1861 356 1899 lzoc
375 1875 538 1914 quaero,
572 1874 785 1914 quamnam
815 1871 938 1897 artem
958 1860 1093 1901 nosti?
1134 1863 1201 1900 Au
1219 1863 1262 1901 in
1290 1865 1461 1905 Graecis
1485 1870 1544 1908 le·

79 1919 217 1973 gitur,
240 1915 336 1957 ἀλλὰ
365 1918 432 1957 καὶ
450 1920 568 1957 τοῦτο
589 1913 771 1969 ἠρόμην,
804 1918 862 1964 τίς
881 1913 929 1968 δή
946 1932 1008 1958 σοι
1028 1913 1054 1970 ἡ
1074 1918 1215 1972 τέχνη;
1246 1921 1364 1959 Haec
1386 1922 1545 1963 Graeca

79 1973 347 2013 conveniunt
371 1973 461 2011 istis
486 1971 666 2019 Latinis,
691 1986 776 2010 non
798 1972 1032 2012 Lucianea.
1075 1974 1184 2013 Nam
1203 1976 1409 2017 Lucianus
1430 1980 1546 2032 prio-

77 2045 163 2069 rem
187 2029 408 2068 citatarum
443 2043 593 2067 vocum
614 2038 775 2081 partem
798 2029 944 2067 retulit
971 2029 1023 2068 ad
1051 2032 1369 2083 praecedentia,
1403 2046 1546 2087 poste·

77 2088 231 2125 riorem
255 2085 305 2124 ad
327 2087 565 2138 sequentia,
585 2093 625 2124 et
647 2083 755 2124 verti
777 2083 938 2134 debuit,
958 2085 1124 2141 flustra
1144 2090 1263 2140 igitur
1279 2089 1323 2128 id
1342 2091 1546 2144 rogabam.

80 2143 248 2196 (nempe
278 2141 329 2180 de
352 2142 486 2193 patria
518 2150 558 2179 et
580 2142 753 2195 lingua,
788 2155 881 2179 cum
906 2144 1017 2180 nihil
1050 2143 1101 2182 ad
1126 2142 1376 2198 disciplinas
1409 2147 1452 2185 id
1474 2150 1547 2187 fa-

78 2200 198 2251 ciat.)
234 2198 378 2237 Verum
410 2196 516 2252 quod
535 2199 746 2252 artfficium
769 2207 874 2235 tuum
897 2198 986 2238 est?
1025 2200 1175 2239 Paullo
1197 2213 1295 2241 ante
1316 2202 1446 2242 scribi
1467 2203 1548 2244 de·-

77 2254 195 2305 buit,
229 2259 382 2307 Σῦρος,
417 2248 449 2294 ai
486 2257 735 2305 Φιλοσοφία,
765 2257 844 2294 τῶν
872 2248 1240 2309 Ἐπευφρατιδίων,
1274 2267 1322 2296 ut
1342 2270 1454 2300 recte
1477 2275 1547 2312 pa-

79 2322 158 2362 ter,
177 2326 264 2349 non
288 2308 353 2352 57⁵²
379 2308 679 2364 Εὖφρατιδίων.
713 2311 856 2350 Gnox.
918 2310 1431 2358 Vid.idemDeor.Diall.
1448 2317 1545 2366 XX,

81 2374 119 2413 3.
152 2369 318 2409 somn.
378 2366 634 2406 vertebatur
664 2369 792 2416 male,
831 2365 976 2405 Verum
996 2379 1031 2406 et
1054 2368 1128 2408 lzoc
1149 2386 1305 2424 quaero.
1363 2372 1545 2426 Propius

83 2422 133 2464 ad
163 2438 308 2463 verum
339 2438 508 2464 sensum
538 2423 704 2462 accedit
730 2423 870 2461 versio
901 2422 1005 2463 haec
1033 2427 1082 2463 cl.
1109 2423 1219 2468 Gesn.
1264 2429 1420 2467 Temere
1447 2433 1546 2469 enim

81 2479 186 2519 illud
208 2481 449 2533 quaerebam.
509 2481 706 2518 Proxime
728 2488 865 2517 tamen
890 2479 1031 2518 Solani
1059 2482 1218 2531 nostri,
1253 2484 1327 2537 qui
1347 2499 1444 2525 orae
1465 2486 1545 2527 Ed.

83 2535 229 2577 Bened.
256 2535 556 2589 adscripserat:
589 2552 708 2591 neque
727 2535 800 2574 hoc
817 2535 902 2574 ideo
925 2536 1126 2587 rogabam.
1173 2540 1317 2578 Verum
1338 2557 1548 2594 quamnam

85 2604 128 2632 iu
145 2594 337 2646 prcfiieris
358 2593 510 2633 artem?
539 2594 700 2632 Rm'rZ.
751 2589 915 2640 ''Alicogy
949 2603 1094 2637 temere,
1127 2597 1208 2633 sine
1228 2598 1403 2647 consilio,
1433 2597 1548 2638 haud

86 2663 224 2688 rarum
250 2648 362 2701 apud
383 2650 582 2688 Nostrum.
644 2650 780 2688 Dian.
801 2650 933 2688 Deor.
956 2648 1086 2698 XIX,
1115 2656 1151 2693 1.
1181 2651 1350 2705 Cupido
1377 2654 1426 2693 de
1462 2657 1548 2694 Mi-

88 2719 219 2743 nerva
246 2705 288 2742 in
310 2706 445 2758 ipsum
464 2706 701 2758 suspiciosa
726 2718 920 2743 narrans:
952 2708 1019 2746 καί
1036 2723 1152 2759 ποτε,
1186 2708 1349 2764 inquit,
1384 2709 1457 2766 ἐγώ
1479 2714 1549 2764 μὲν

88 2760 217 2810 ἄλλως
237 2763 465 2814 παρέπτην,
498 2765 668 2819 πλησίον
700 2764 798 2818 ἔχων
817 2759 889 2818 τήν
913 2761 1121 2817 λαμπάδα·
1151 2761 1179 2816 ἦ
1210 2767 1272 2814 δὲ,
1305 2776 1386 2809 etc.
1416 2778 1550 2807 temere

142 2830 289 2862 Lucina.
317 2828 398 2864 ἱόἰ.
419 2830 487 2863 ΙΙΙ.
1188 2822 1226 2861 N
1246 2837 1272 2861 n
