1781 3174
503 201 561 231 im
611 201 1134 234 xneYomANThxm.
1453 194 1553 241 577

87 317 158 343 sus
179 308 474 357 argumentum
496 296 770 336 delirationis
790 311 878 337 esse
901 297 1033 348 dicit,
1067 299 1252 339 carmina
1272 301 1475 343 modulate
1493 318 1554 345 re-

87 361 232 399 citare.
293 358 387 396 Imo
407 368 530 401 vere,
564 367 643 407 ego
665 353 864 405 inquam,
898 355 1175 394 certissimum
1209 371 1296 397 esse
1327 358 1470 398 delirii
1489 364 1556 400 si·-

89 429 242 471 gnum,
273 412 348 451 ubi
361 411 489 450 alieno
508 410 597 449 loco
619 418 661 448 et
681 420 870 463 tempore,
903 425 938 450 e.
963 426 1003 465 g.
1027 411 1072 449 in
1100 415 1230 452 amico
1260 414 1458 470 colloquio
1482 417 1556 472 (ut

87 473 132 512 h.
156 475 186 511 l.
209 468 312 525 πρὸς
331 468 479 519 ἄνδρας
499 468 669 519 φίλους)
700 465 1008 518 rhapsodorum
1037 469 1172 508 instar
1190 473 1347 510 metrice
1369 474 1556 514 carmina

90 528 307 568 declames,
365 524 494 564 Nihil
517 521 784 576 perversius,
815 537 882 563 me
908 523 1077 578 judice,
1109 539 1233 580 quam
1267 526 1445 583 ἀμέτρως
1463 530 1505 571 h,
1524 534 1555 572 1,

90 585 249 624 me'ff.

203 639 311 679 Eud.
335 642 363 678 1.
389 641 456 682 14.
482 632 850 689 Ὀβολοστατοῦσι)
899 635 996 674 Ηοο
1024 647 1109 688 est,
1149 641 1386 690 δανείζουσι.
1446 641 1559 680 Imi-

89 707 202 737 tatus
225 706 289 736 est
307 705 454 734 auctor
478 692 701 740 comicum,
735 691 809 745 qui
830 691 913 730 hoc
937 693 1066 731 verbo
1088 695 1146 733 ita
1167 712 1268 735 usus
1291 708 1354 737 est
1376 698 1420 736 in
1438 699 1557 741 Nub.

89 768 131 794 v.
153 756 276 797 1154.
293 751 370 790 ubi
388 750 530 790 Schol.
558 749 741 800 exponit
767 761 841 801 per
861 751 1076 799 δανείζειν,
1109 761 1150 790 et
1181 750 1450 807 ὀβολοστάτης
1482 770 1557 808 pet

89 805 307 862 δανειστής.
337 809 477 848 BAnL.
537 805 796 844 scholiastes
812 806 885 844 ille
905 806 1061 845 Bis-etus
1081 817 1167 856 est,
1202 811 1276 863 qui
1302 812 1469 851 Suidam
1489 812 1559 852 de-

91 867 274 920 scripsit.
306 866 490 905 Hssmsr.
549 860 662 901 Vide
681 861 851 915 Hesych.
874 871 916 901 et
941 862 1110 917 Etymol.
1134 866 1200 905 M.
1231 866 1404 909 Vons'r.

206 931 307 976 Ead.
329 937 357 972 1.
379 936 448 976 15.
480 928 603 984 Παρὰ
619 935 704 978 τοῖς
723 926 855 978 κάτω)
886 930 932 969 Α
948 932 1151 973 manibus:
1183 934 1295 972 infra
1314 945 1378 973 est
1400 936 1446 974 in
1466 951 1562 988 pse-

91 991 319 1047 phismate,
349 991 533 1031 δέδοκται
555 986 605 1042 τῇ
626 989 756 1041 βουλῇ
771 988 909 1044 καὶτῷ
929 986 1055 1042 δήμῳ.
1086 990 1231 1041 Bnon,
1291 993 1442 1031 Potius
1453 993 1563 1047 apud

91 1049 260 1105 inferos,
303 1056 352 1085 ut
381 1045 534 1085 Versio
567 1042 767 1094 exhibet,
823 1053 866 1083 et
893 1048 1039 1098 paullo
1069 1045 1250 1086 inferius
1281 1047 1383 1103 παρ’
1413 1047 1561 1099 αὐτοῖς.

91 1107 252 1144 1.-ΕΗΜ.
454 1138 461 1140 ,

209 1161 311 1212 Pag.
329 1161 417 1203 6.1.
438 1162 476 1202 7.
521 1152 728 1210 Γράψεται
755 1173 815 1210 γρ.
849 1153 1055 1211 εῗσεβείας)
1103 1159 1202 1200 Vid.
1239 1162 1406 1215 Catapl.
1437 1177 1470 1201 c.
1497 1168 1562 1207 18.

95 1218 295 1258 Dabatur
326 1225 467 1254 autem
498 1213 732 1266 impietatis
767 1214 880 1254 actio
911 1230 998 1253 non
1033 1225 1199 1255 tantum
1228 1218 1282 1256 ob
1312 1219 1566 1273 religionem

96 1275 326 1320 violatam,
356 1270 427 1310 sed
452 1271 580 1311 etiam
607 1269 804 1308 adversus
824 1285 918 1321 eos,
960 1271 1034 1326 qui
1057 1273 1260 1325 mysteria
1290 1278 1563 1329 vulgassent3

99 1344 206 1386 quae
232 1328 433 1381 quoniam
469 1325 520 1365 ad
551 1325 683 1378 Regis
717 1340 929 1366 sacrorum
959 1342 1096 1366 curam
1129 1330 1424 1382 pertinebant,
1464 1330 1564 1370 ideo

99 1390 208 1429 ὁίκαι
224 1381 408 1440 ἀσεβείας
423 1383 525 1432 πρὸς
540 1380 608 1424 τὸν
629 1384 799 1424 Βασιλέα
815 1381 1095 1438 λαγχάνονται,
1130 1395 1178 1424 ut
1197 1397 1364 1425 constat
1386 1402 1438 1426 ex
1457 1387 1565 1426 Poll.

97 1443 224 1493 VIII,
245 1447 312 1485 90.
353 1450 394 1480 et
425 1440 626 1492 Harpocr.
661 1439 706 1476 in
730 1436 956 1493 ‘Hyefiovloc
987 1443 1259 1496 δικαστηρίου.
1320 1444 1405 1482 Hic
1436 1458 1565 1497 porro

100 1499 153 1539 ad
175 1497 478 1551 Areopagita5‚
512 1510 690 1550 quorum
719 1507 839 1535 erant
869 1508 1007 1550 partes
1039 1497 1090 1537 de
1115 1500 1325 1554 religiene
1358 1499 1568 1553 rebusque

98 1556 227 1596 sacris
247 1567 519 1608 cognoscere,
552 1565 738 1590 caussam
763 1551 989 1602 deferebat,
1023 1556 1251 1610 positaque
1273 1571 1431 1595 corona
1454 1557 1568 1594 inter

99 1611 268 1667 judices
286 1611 378 1663 ipse
401 1608 624 1648 assidebat.
685 1609 755 1647 De
775 1610 980 1661 Aeschyli
1002 1611 1194 1663 periculo
1210 1644 1221 1664 ‚
1254 1626 1348 1651 cum
1372 1612 1503 1652 variis
1522 1612 1569 1651 in

100 1668 258 1707 fabulis
280 1666 481 1719 mysteria
503 1667 650 1718 paullo
675 1664 988 1717 imprudentius
1019 1668 1254 1721 attigisset,
1286 1670 1452 1723 egregia
1482 1682 1570 1706 no—

100 1734 163 1764 tat
193 1732 414 1764 enarrator
443 1722 697 1773 Anonymus
721 1721 866 1762 Ethic.
885 1723 1052 1764 Nicom.
1071 1724 1244 1764 Aristot.
1269 1726 1301 1764 f.
1323 1730 1390 1767 40,
1419 1722 1472 1766 ‘O
1491 1742 1574 1765 κα..

99 1780 149 1823 vo}
174 1784 249 1822 τοῦ
270 1778 503 1831 φιλοσόφου
524 1777 598 1830 τήν
621 1781 692 1830 τῆς
719 1774 905 1831 ἀσεβείας
927 1777 1089 1832 γραφὴν
1113 1779 1431 1835 ἀπενεγκάμενος
1447 1782 1573 1820 Athe-

103 1854 222 1877 naeus
246 1837 340 1876 XV.
364 1849 404 1888 p.
432 1838 529 1878 696.
552 1834 602 1874 A.
638 1833 754 1886 quod
777 1835 821 1871 in
847 1834 991 1873 eadem
1026 1834 1206 1875 historia
1231 1837 1390 1875 dicitur
1422 1852 1443 1876 a
1464 1839 1575 1876 Dio—

99 1910 187 1948 gen.
212 1892 265 1932 L.
291 1892 344 1940 V,
364 1894 404 1935 5.
472 1890 705 1945 Φευγούσης
725 1889 821 1931 ποτὲ
852 1889 977 1941 αὐτῆς
1006 1890 1245 1945 (Aspasia)
1278 1892 1442 1948 γραφὴν
1477 1890 1577 1935 ἆσε-

106 1951 218 2003 βείας
237 1948 384 1987 Atkcn.
411 1946 535 1985 XIII.
556 1961 596 1998 p.
623 1950 720 1990 589.
741 1946 793 1985 E.
831 1947 900 1984 Ex
922 1945 988 1984 his
1010 1947 1174 2001 liquet,
1205 1963 1330 2003 quam
1352 1965 1575 2003 personam

105 2006 180 2044 hic
203 2001 556 2043 Rhadamanthus
581 2003 799 2041 sustineat.
832 2003 1010 2045 HEMST.

223 2059 328 2099 Ead.
355 2062 384 2099 1.
405 2064 446 2103 8.
478 2056 554 2110 Mi}
576 2057 819 2114 φθονήσῃς)
856 2060 1020 2100 Arriam.
1043 2059 1095 2100 A.
1116 2060 1167 2100 A.
1192 2062 1268 2103 VI.
1292 2078 1332 2116 p.
1359 2068 1456 2106 272.
1501 2061 1578 2116 Μὴ

111 2112 189 2162 οὖν
209 2114 429 2170 φθονήσῃς
449 2132 518 2167 μοι
540 2119 613 2155 τοῦ
631 2113 854 2167 μνήματος·
887 2115 948 2153 ibi
971 2131 1064 2154 cum
1083 2118 1276 2170 pluribus
1299 2122 1379 2158 ista
1405 2120 1582 2160 Luciam·

108 2177 200 2215 Jac.
237 2172 454 2212 Gronovius
492 2169 684 2210 adduxit.
756 2172 888 2224 Saepe
930 2171 980 2210 de
1012 2187 1205 2212 sermone
1234 2176 1418 2215 libenter
1451 2187 1581 2229 atque

110 2232 246 2272 amice
274 2226 631 2268 communicando
664 2231 774 2267 solet
807 2228 938 2281 poni:
976 2229 1069 2270 Dio.
1101 2230 1234 2285 Chrys.
1257 2247 1296 2285 p.
1319 2237 1415 2276 558.
1440 2234 1498 2271 D.
1531 2232 1580 2275 σύ

107 2286 206 2342 ἡμῖν
235 2290 377 2338 σαφῶς
416 2285 518 2334 εἰπὲ,
557 2285 625 2325 καὶ
651 2284 704 2338 μὴ
731 2283 958 2337 φθονήσῃς.
1027 2287 1232 2326 Dicemus
1262 2288 1314 2327 ad
1345 2289 1433 2328 vit.
1453 2290 1580 2330 Auct.

112 2359 147 2387 c,
163 2350 231 2388 21.
266 2356 351 2396 quo
374 2345 471 2380 loco
496 2341 626 2379 simul
655 2342 840 2379 occurrit
865 2343 1066 2380 solemnis
1088 2343 1294 2394 formula,
1337 2341 1426 2386 ἄλλ’
1452 2343 1585 2395 οὐδεὶς

113 2397 289 2454 φθόνος.
326 2398 507 2436 ΗιΜεΤ.
578 2396 680 2435 Non
709 2398 831 2435 stetit
859 2398 1066 2449 promisso
1102 2413 1287 2439 summus
1323 2402 1423 2453 Vir,
1464 2405 1585 2456 cujus

115 2455 288 2510 quidem
312 2468 433 2501 cura,
465 2454 509 2492 in
532 2452 734 2491 Luciano
762 2452 927 2493 edendo
956 2455 1122 2507 posita,
1154 2470 1243 2495 non
1273 2460 1384 2496 ultra
1421 2458 1587 2498 Charo-

115 2527 214 2552 nem
238 2525 271 2551 s.
303 2510 651 2563 Contemplantes
682 2510 952 2563 pertinuerit.
1015 2511 1210 2550 Ceterum
1240 2513 1422 2554 formula
1456 2513 1591 2565 οὐδεὶς

117 2566 279 2622 φθόνος
296 2566 380 2606 alio
400 2580 528 2606 sensu
549 2566 709 2620 legitur
727 2565 861 2606 Dian.
880 2567 1016 2606 Deor.
1041 2567 1211 2617 XVIII,
1237 2573 1274 2613 1.
1297 2570 1374 2610 ubi
1396 2571 1482 2613 vid.
1504 2572 1591 2612 Ad-

119 2633 232 2665 nott.
266 2623 425 2666 Luam,

233 2677 341 2722 Eud.
362 2681 392 2719 1.
417 2684 482 2724 13.
500 2677 662 2735 ”.Ωςπερ
684 2677 759 2733 τὴν
782 2675 981 2733 Δανάην)
1011 2679 1240 2734 Similiter,
1284 2693 1335 2723 ut
1366 2684 1593 2725 Lucianmn

123 2748 354 2793 agnoscas,
388 2734 435 2776 in
455 2736 565 2780 Tim.
591 2737 627 2792 ᾗ.
654 2742 720 2784 18.
754 2737 937 2778 Hzmsr.
998 2738 1138 2779 Aliter
1158 2738 1365 2794 ,Hormus
1396 2740 1477 2782 Od.
1502 2742 1595 2792 ΠΙ,
