1781 3174
216 179 320 268 366*
738 224 1166 260 senonum.

1188 323 1202 340 θ
1236 324 1248 341 9
1290 323 1301 339 Ι

328 332 428 385 Pag
450 331 592 373 2921.
615 334 654 372 3
682 344 708 379 η
742 322 1042 393 ἀμύγδαλον
1071 324 1143 381 ἢ]
1174 344 1200 380 η
1224 329 1458 406 αμυγδαλος.
1497 329 1551 370 V'.

329 388 430 428 Eud
453 390 480 425 1.
507 391 546 429 4.
584 382 840 435 ῥυθμοῖς]
876 378 1084 435 Ρυθμός.
1119 381 1226 434 τάξις
1258 383 1420 458 ευμελος
1438 381 1678 437 Ῐ)οἰκολοῦ-

216 435 304 495 ῧως
323 452 372 501 τῇ
390 442 584 498 ἇρμονια,
616 440 730 494 με’λος
752 436 1019 491 ευφρὸσυιον.
1054 440 1104 480 V.

330 503 426 554 Pag-
447 505 541 543 293
564 502 593 538 l·
614 503 654 541 2
693 494 945 549 κατόπιν]
986 514 1081 550 μετα
1108 501 1249 547 ταῦτα,
1293 494 1373 541 ἇπό
1406 498 1476 540 τοῦ
1508 496 1680 542 ὄπισθεν

215 559 427 655 ἰέναιΕῗτῐ.
454 616 478 655 l.
503 619 540 657 3.
571 628 668 653 των
701 610 885 657 ἄλλων,
917 626 1109 665 καταγε
1093 614 1213 683 λᾷν
1242 613 1313 660 ἕ)]
1351 610 1404 653 O
1431 617 1551 664 νοῦς,
1592 610 1682 656 ἇντὶ

214 691 306 723 του,
337 666 730 740 μεγαλαυχούμενος
725 669 793 709 καὶ
812 684 1014 722 γαυριων,
1048 664 1119 720 ἐφ’
1143 665 1203 717 οἷς
1219 672 1298 709 τῶν
1318 670 1373 717 εἰς
1390 675 1511 711 ταῦτα
1533 677 1679 724 μισθο-

214 727 456 784 φορούντων
476 721 798 799 κατεκομψεύου

325 784 462 825 Eaclss
478 788 515 826 4
548 785 632 824 καὶ
664 781 738 824 ὅτι
772 779 863 823 οὐκ
894 782 966 829 εἰς
996 778 1079 822 τόν
1108 778 1303 822 κόλπον
1329 780 1540 835 πτύσας]
1563 787 1678 839 Παρ-

213 844 345 896 οιμία,
379 843 434 890 εἰς
455 839 524 882 τὸν
548 838 699 881 κόλπον
729 856 825 879 πτυε
830 856 864 888 ι,
897 839 961 879 ἐπὶ
982 855 1060 878 των
1081 836 1188 878 πάνυ
1209 833 1257 890 11)
1293 844 1504 890 μαλακων,
1536 841 1601 882 καὶ
1622 858 1680 882 τε-

210 900 467 954 θρυμμένων.
535 896 636 945 Τοῦς
658 896 731 966 γάο
758 897 1036 961 φοονηματιάς
1062 896 1127 935 καὶ
1160 896 1429 947 ἐπῃρμένους,
1463 897 1531 937 καὶ
1559 901 1676 940 τοῦτο

211 955 309 998 αυτὸ
334 953 650 1023 μεγαλόφοονας,
683 950 758 994 οὐκ
777 956 832 998 εἰς
851 951 919 992 τὸν
940 948 1087 992 κόλπον
1108 953 1205 1004 φασὶ
1225 950 1373 1001 πτύειν,
1405 949 1502 994 αλλα
1520 953 1675 1007 πόρῤω,

211 1030 283 1062 ους
302 1014 366 1054 καὶ
385 1031 409 1064 η
434 1014 577 1064 χυδαία
598 1007 711 1051 λαλιὰ
730 1009 1060 1075 μακοοπῑύστους
1077 1011 1112 1056 l)
1143 1014 1254 1049 καλεῖ
1270 1007 1533 1075 οιασύρουσα.
1566 1011 1616 1051 V.

324 1070 422 1122 Pag.
443 1072 539 1111 294.
560 1070 654 1111 1,1.
689 1064 1005 1118 ἀμφιλαφεῖ]
1033 1060 1292 1119 Αμφιλαφεῖ
1306 1083 1394 1106 αντι
1412 1083 1504 1117 του,
1538 1063 1675 1120 ἀφθό-

209 1121 358 1181 νῳῙὶ),
390 1129 595 1177 πολλαχῶς
616 1123 928 1179 κεχορηγημένῃ.
963 1123 1012 1161 V.

320 1183 418 1236 Pag
444 1185 539 1225 295
564 1184 591 1223 l.
620 1185 682 1223 10
728 1181 817 1221 καὶ
864 1179 1072 1232 μείζονί
1106 1195 1160 1234 γε
1196 1176 1289 1221 τὸν
1329 1177 1675 1236 μικρότερον]

208 1243 268 1296 τῷ
286 1243 437 1294 μείζονι
455 1237 540 1293 η’λῳ
562 1236 631 1279 τὸν
652 1233 901 1304 μικοὸτερον.
936 1237 985 1275 V.

321 1297 421 1348 Pag.
446 1299 541 1339 296
561 1297 587 1333 1
614 1299 648 1336 1.
682 1287 1033 1346 ὄδύρεσθαι]’
1044 1290 1272 1342 Οδύρεσθαι
1293 1291 1336 1335 τὸ
1355 1299 1483 1362 γῆρας
1500 1292 1672 1348 απλότη·
1705 1339 1709 1343 ,

207 1370 275 1402 τος
290 1350 425 1405 η’θους
442 1347 481 1403 1)
514 1354 637 1391 ταῦτα
655 1349 1015 1391 κατασκευαστικά·
1048 1345 1134 1390 ἄλλ’
1151 1382 1161 1399 ,
1196 1350 1225 1390 ὠ
1250 1348 1472 1417 βωμολόχε,
1507 1354 1561 1400 εἰς
1578 1350 1672 1393 ταύ-

203 1428 279 1464 την
289 1425 549 1466 κακεινοι,ων
568 1408 807 1462 κατέδραμες
827 1404 1074 1459 ἆπηνῶςω),
1093 1404 1414 1462 καταφεύγοντες
1433 1405 1672 1464 ἀπολογίαν,

247 1579 294 1623 e)
330 1575 610 1622 ἀμύγδαλον
641 1572 896 1619 κειμένην]
930 1574 992 1607 Ait
1030 1576 1233 1615 Luc-ianus,-
1280 1581 1380 1608 recte
1411 1575 1529 1620 igitur
1562 1583 1672 1611 notat

294 1624 518 1658 scholiastes
544 1629 587 1654 ut
611 1633 737 1654 rarum
756 1621 854 1676 quid
885 1621 1045 1656 femineo
1068 1632 1201 1665 genere
1227 1617 1251 1666 ἡ
1271 1619 1483 1676 οἷμύγὸαλος
1502 1623 1575 1656 dici
1598 1635 1670 1669 pro

292 1671 440 1712 fructu,
468 1668 530 1714 qui
549 1668 662 1711 vulgo
680 1664 722 1702 τὸ
742 1663 975 1712 ἀμύγδαλον,
1002 1668 1059 1702 vel
1082 1667 1251 1701 usitatius
1270 1665 1293 1713 ἡ
1312 1664 1523 1714 αμνγδάλη,
1549 1676 1592 1704 ut
1609 1682 1670 1716 ap.

294 1716 468 1750 Pollucem
490 1726 563 1747 non
585 1714 708 1746 semel
757 1716 808 1745 Re
813 1723 874 1752 ll:

244 1764 282 1809 f)
308 1759 536 1806 εὕμελος]
564 1760 624 1794 Sic
648 1767 684 1792 er,
710 1761 750 1793 C.
776 1743 894 1791 §olm-1.

245 1822 293 1865 g)
320 1820 410 1855 ταῖν
437 1814 612 1861 αλλων,
638 1818 936 1865 καταγελᾷν]
962 1817 1099 1851 Melius
1126 1816 1201 1850 hoc
1227 1813 1431 1851 referretur
1451 1816 1498 1851 ad
1522 1819 1669 1864 θρασυ-

291 1878 450 1910 ναμενος
477 1877 600 1918 supra
648 1865 768 1900 S.0lan

241 1913 293 1957 h)
318 1911 472 1955 πάνυ]
503 1908 634 1946 Πάνου
663 1910 883 1955 legebatur
872 1922 912 1943 m
931 1909 1029 1943 Edit.
1079 1909 1150 1944 Sed
1177 1908 1300 1942 facilis
1320 1914 1376 1942 est
1395 1909 1596 1954 correctio,
1622 1922 1668 1945 ac

290 1959 335 1993 de
352 1957 549 2011 permultis
567 1958 750 1991 s1mi1ibus
772 1969 848 1990 non
869 1968 1013 2000 semper
1032 1956 1285 1996 monebimus,
1313 1955 1376 1988 sed
1397 1963 1579 2000 quantum
1599 1968 1667 2001 po—

288 2006 464 2046 terimus,
491 2004 529 2037 in
548 2003 710 2037 txansitu
731 2003 972 2046 corrigemus,
1008 2006 1127 2037 Reitz.
1175 2002 1236 2035 Sic
1262 2008 1298 2034 et
1318 2012 1385 2045 ego
1401 2002 1501 2035 infra
1520 2002 1666 2036 correxi

287 2053 511 2096 scripturam
542 2052 657 2083 Reiiz.
715 2051 843 2090 helice,
882 2061 993 2095 quam
1027 2056 1062 2082 et
1090 2053 1244 2081 recentt.
1280 2048 1373 2081 Edd.
1406 2048 1662 2084 adservarunt.

289 2099 527 2143 Quamquam
554 2096 648 2129 mihi
675 2103 808 2129 contra
840 2108 882 2129 ac
909 2098 1051 2128 Reztzzo
1080 2094 1173 2127 talia
1199 2105 1347 2138 quoque
1373 2095 1499 2138 paucis
1526 2095 1663 2129 saltem

285 2144 474 2178 monenda
502 2143 694 2185 videntur,
719 2154 766 2176 ne
785 2142 845 2175 vel
868 2142 906 2174 in
927 2141 1177 2174 minutissima
1193 2151 1234 2173 re
1255 2151 1302 2173 ne
1318 2140 1489 2174 tantillae
1509 2140 1661 2186 quidem

284 2190 428 2224 fraudis
448 2189 651 2234 suspicioni
670 2189 776 2222 locus
795 2188 914 2222 detur.
964 2188 1084 2221 Lehm

238 2248 278 2292 i)
303 2261 330 2292 μ
341 2261 363 2282 α
374 2261 395 2282 κ
406 2261 425 2293 ρ
439 2245 551 2282 οπτύ
563 2257 611 2281 στ
622 2258 640 2281 ο
651 2258 674 2281 υ
686 2250 728 2289 ς]
755 2247 800 2279 In
820 2244 862 2280 C.
886 2256 1003 2290 marg.
1020 2254 1314 2289 μακροπτυστας.
1361 2242 1432 2276 Sed
1452 2244 1507 2278 Μ.
1528 2243 1661 2288 vulga-

283 2301 361 2328 tam
379 2300 515 2327 tuetur.
551 2293 669 2328 S.0lan
719 2293 1006 2337 „Sequebantur
1036 2292 1097 2324 hic
1116 2290 1242 2334 plura,
1268 2289 1333 2322 sed
1352 2299 1395 2322 ex
1418 2289 1491 2323 alio
1509 2289 1654 2323 scholio

281 2352 477 2397 perperam
493 2340 668 2383 repetita,
697 2350 791 2394 quae
808 2345 908 2371 recte
931 2337 1064 2371 delevit
1094 2337 1254 2368 solanus.
1258 2336 1283 2355 “

233 2386 282 2430 k)
311 2400 334 2420 α
347 2385 440 2431 qued
453 2399 474 2420 ν
487 2387 542 2429 ῳ]
568 2386 698 2429 „Male
720 2381 904 2429 ἀφθόνως
923 2385 1066 2418 editum
1086 2383 1189 2416 eratf

232 2455 272 2499 1)
297 2452 476 2500 ἤθους]
506 2448 634 2494 Ἠθος
658 2461 742 2488 ante
773 2454 873 2498 ‘typis
904 2453 1128 2497 descriptum
1157 2449 1367 2493 legebatur,
1403 2449 1466 2484 sed
1492 2450 1653 2485 mutavit

278 2502 439 2533 Solam.»
490 2502 564 2546 Qui
592 2512 722 2534 novem
744 2500 838 2533 locis
858 2511 976 2532 unum
1002 2500 1073 2532 hoc
1095 2497 1273 2531 Scholion
1301 2498 1482 2530 correxit.
1509 2509 1596 2531 nam
1613 2503 1652 2530 et

276 2558 364 2580 mox
402 2559 471 2592 pro
500 2558 760 2603 τεκατασκευοισι·
783 2572 792 2580 .
819 2571 828 2580 .
856 2572 865 2580 .
892 2546 1035 2579 editum
1069 2550 1148 2576 erat
1178 2555 1358 2578 κατασκευ
1384 2569 1392 2577 .
1421 2569 1429 2577 .
1458 2555 1560 2588 .pr0
1596 2554 1646 2586 ω,

279 2587 367 2635 οὖν,
395 2605 462 2636 pro
485 2589 553 2636 ὦν,
582 2591 630 2633 (ὃς
650 2600 720 2627 etc.
754 2604 846 2638 quae
872 2603 957 2625 mox
986 2591 1080 2623 vide.
1120 2591 1237 2621 Reztz.
1266 2592 1361 2623 λειω.
1391 2591 1508 2623 Lectt.
1530 2591 1646 2623 Luce.

274 2650 311 2684 P·
334 2645 411 2677 208.
434 2650 502 2683 pro
523 2651 701 2675 κατασκευ
726 2665 735 2674 .
764 2664 772 2674 .
800 2663 809 2672 .
835 2639 969 2673 maluit
985 2637 1158 2680 καταχλευ
1185 2661 1193 2670 .
1220 2661 1229 2669 .
1257 2661 1266 2669 .
1309 2635 1380 2670 Sed
1401 2636 1475 2671 vid.
1495 2635 1645 2670 Adnott.

277 2688 308 2717 Ι
313 2686 398 2738 ἵζῖηἱ.

228 2731 296 2811 τηε)Ξ
321 2743 484 2811 ἔπηςνίω
473 2731 539 2774 ς]
565 2755 590 2796 ,ἶ
597 2726 901 2778 Ἀπημελημενως
930 2735 1016 2764 ante
1034 2728 1248 2774 legebatur3
1272 2727 1333 2763 sed
1353 2739 1396 2763 ex
1417 2728 1458 2764 G.
1497 2724 1648 2772 ἀπηνῶς

301 2789 319 2811 e
347 2778 375 2810 it
425 2791 441 2811 ο
459 2789 557 2810 anuo.
563 2780 572 2797 ⁴
