1781 3174
502 197 585 232 11³1
655 193 1137 228 anRol-‹nxsn
1461 184 1558 231 469

203 296 309 338 lbid.
351 294 636 348 Στεφανοῦσι)
677 293 819 347 Hujus
859 291 988 332 moris
1020 290 1216 331 meminit
1244 291 1398 331 iterum
1430 293 1552 337 Alex.

92 369 129 394 c.
150 358 219 398 30.
250 353 384 393 Cone.
415 354 548 391 Deor.
581 365 616 388 c.
638 356 704 393 12.
736 359 777 388 et
807 350 955 390 Athen.
983 349 1077 391 XV.
1109 363 1147 401 p.
1172 351 1269 392 679.
1289 349 1347 390 D.
1375 363 1553 402 eamque

91 424 291 449 coronam
313 409 466 447 dictam
487 408 621 445 fuisse
638 405 789 448 πόθον.
821 407 989 446 somn.
1050 404 1308 459 Appositum
1332 413 1395 445 est
1416 405 1551 448 Anth.

89 467 147 507 II.
169 480 204 508 c.
223 470 292 509 47·
312 464 581 532 Epigramma
603 463 798 503 tertium·

275 518 385 572 M»)
407 518 513 572 μύρα
526 552 538 570 ‚
570 518 623 572 μὴ
644 517 869 569 στεφάνους
891 520 1068 566 λιθίναις
1088 515 1266 568 στηλαισι
1284 519 1463 573 χαρίζου,

366 579 488 627 Μηδὲ
507 574 551 617 τὸ
570 582 654 629 πῦρ
673 581 742 628 φλε
736 577 833 631 ’ξης·
875 591 931 623 εις
954 572 1073 616 κενὸν
1093 571 1118 626 ἡ
1141 572 1314 626 δαπάνη.

84 634 155 674 Ibi
173 632 402 680 Brodaeus,
431 633 559 671 homo
583 647 657 670 sua
682 642 820 670 aetate
844 641 886 670 et
911 630 1139 683 perdoctus
1167 640 1208 669 et
1229 630 1438 683 plurimae
1455 632 1551 669 lec·

85 690 242 740 tionis,
274 689 388 726 hunc
420 703 519 741 prae
548 689 695 728 ceteris
719 687 921 727 eximium
945 687 1121 726 Luciani
1147 688 1288 725 locum
1309 685 1548 738 adscripsit.

86 746 284 786 Stratonis
303 744 569 798 Epigramma
593 745 816 813 septimum
842 743 1016 796 parilem
1040 741 1170 780 habet
1194 743 1473 782 sententiam=

303 802 385 842 Καὶ
402 799 617 853 στεφάνοις
635 798 813 853 κεφαλὰς
831 798 1123 852 πυκασώμεθα,
1154 799 1221 839 καὶ
1237 800 1471 853 μυρίσωμεν

355 855 534 907 Λῦτοὺς,
565 858 662 911 :miv
679 857 845 910 τύμβοις
860 861 983 897 ταῦτα
1005 856 1144 908 φέρειν
1162 855 1218 895 ἕτε
1203 855 1330 905 έοους.

84 913 165 954 Sed
182 913 255 952 hic
278 916 496 952 columnas
528 918 782 966 sepulcrales
805 923 847 952 et
874 915 1060 951 tumulos
1081 911 1264 950 ornandi
1287 910 1549 951 venerandi-

84 985 167 1021 que
202 984 292 1008 mos
327 970 486 1008 dudum
524 985 621 1008 cuia
650 971 840 1008 virorum
867 967 1129 1007 eruditorum
1162 977 1224 1006 est
1255 971 1548 1022 pervulgatus.

81 1027 220 1066 Nostri
248 1040 417 1079 quoque
449 1026 643 1065 meminit
664 1025 868 1065 Heralclus
895 1024 946 1063 ad
975 1023 1162 1064 IvIurtial.
1187 1024 1247 1074 X,
1275 1029 1342 1067 61.
1377 1034 1419 1063 et
1451 1024 1548 1077 quis

82 1097 171 1121 non
192 1096 362 1128 eorum,
395 1083 470 1134 qui
499 1083 607 1120 hanc
626 1082 850 1120 funebrem
882 1080 1071 1133 antiquit
1059 1080 1155 1118 atis
1177 1090 1336 1133 partem
1357 1080 1550 1119 illustra-

82 1148 209 1177 runt.
198 1138 219 1166 2
266 1138 524 1192 Theophrasti
543 1142 682 1177 locum
706 1139 755 1177 de
782 1137 900 1193 πόθῳ
923 1135 1178 1188 productum
1201 1136 1250 1174 ab
1261 1136 1468 1176 Athenaeo
1484 1151 1549 1176 re·

82 1195 221 1248 peiies
240 1195 354 1232 Hist.
373 1196 507 1233 Plant.
532 1195 606 1244 VI,
631 1199 670 1237 7.
692 1210 732 1248 p.
760 1199 850 1238 130.
873 1182 945 1231 sed
965 1191 1151 1230 deterius
1176 1191 1330 1242 editur,
1365 1193 1395 1245 ᾧ
1419 1209 1548 1262 χρων.

80 1268 145 1293 ται
175 1252 265 1304 περί
290 1267 328 1291 τε
353 1251 530 1319 τάφους,
565 1250 679 1303 quod
713 1260 884 1289 auctme
908 1248 1114 1289 Althenaco
1146 1247 1300 1302 refingi
1319 1224 1480 1296 debet,
1514 1267 1546 1303 ῳ

80 1306 253 1361 χρῶνται
272 1307 376 1360 πρὸς
401 1324 497 1353 τους
521 1305 691 1358 τάφους.
752 1305 948 1353 Plinium,
983 1303 1080 1341 dum
1107 1305 1237 1344 vertit
1259 1304 1316 1342 Η.
1340 1304 1398 1343 Ν.
1420 1281 1544 1354 XXI',

83 1370 150 1408 11.
175 1378 217 1416 p.
237 1368 333 1407 706.
367 1363 540 1419 quifere
566 1365 742 1402 nascitur
763 1365 804 1401 ιή
835 1360 1038 1429 tumulis,-
1049 1363 1174 1400 talem
1206 1360 1392 1413 aliquam
1416 1361 1547 1400 inve-

82 1420 196 1459 nisse
217 1420 445 1458 lectionem
472 1419 576 1457 mihi
598 1417 856 1472 persuadeo,
891 1435 936 1465 ος
961 1414 1102 1470 ὁρᾶται
1130 1417 1223 1467 περὶ
1250 1414 1344 1464 τούς
1373 1434 1543 1468 ταφους,

81 1491 225 1516 velum
245 1475 420 1514 minime
441 1474 717 1545 probandam.
750 1475 842 1513 Usu
862 1485 903 1513 et
923 1472 1198 1525 significandi
1221 1482 1434 1525 potestate
1454 1488 1544 1513 nou

79 1535 260 1571 multum
293 1531 421 1571 distat
441 1531 595 1586 Έρως,
637 1530 658 1573 ὅ
694 1532 891 1583 στέφανος
914 1547 1024 1584 παρα
1056 1534 1282 1571 Νικαεῦσιν
1309 1529 1350 1570 ἐκ
1381 1528 1546 1572 πάντων

82 1587 242 1630 ἀνθέων
272 1594 355 1636 τοῖς
378 1589 516 1630 νέκυσι
542 1585 823 1641 πωλουμενος,
862 1596 971 1625 teste
997 1586 1169 1641 Etymol.
1203 1601 1244 1638 p.
1272 1589 1369 1629 379
1400 1601 1439 1625 v·
1473 1589 1542 1631 54·

79 1660 167 1685 Vox
188 1645 334 1683 ultima
360 1645 643 1698 suspicionem
669 1655 813 1683 movet
832 1643 956 1689 vitii;
991 1657 1085 1680 nam
1109 1641 1256 1680 durius
1280 1643 1382 1689 erit,
1417 1642 1452 1679 si
1477 1657 1547 1681 ca·

78 1702 196 1754 pias,
242 1700 297 1739 acl
338 1701 584 1741 coronandos
617 1712 792 1739 mortuos
815 1698 931 1738 veruli
965 1697 1125 1737 solitus:
1175 1697 1289 1735 nihil
1318 1698 1545 1743 succurrit,

81 1757 196 1811 quod
215 1771 347 1810 aeque
367 1757 633 1796 commodum
654 1755 865 1803 videatur,
892 1769 938 1792 ac
959 1752 1215 1805 πλεκόμενος.
1249 1754 1429 1794 HBMST.
1473 1755 1547 1792 De

79 1827 196 1853 more
216 1813 300 1851 hoc
321 1824 510 1852 veterum
534 1811 754 1865 epitaphia
775 1810 946 1850 coronis
964 1811 1172 1866 sertisque
1198 1808 1380 1850 ornandi
1410 1809 1465 1850 cf.
1486 1819 1548 1850 et·

81 1869 165 1907 iam
185 1868 309 1923 Nigr.
329 1882 363 1907 c.
386 1874 453 1914 30.
502 1869 660 1910 LGm.

192 1980 294 2020 End.
314 1983 343 2020 1.
365 1987 404 2026 7.
439 1983 614 2023 Καίουσι
641 2003 698 2012 —-
727 1980 895 2030 δεῖπνα)
927 1979 1025 2018 Hoc
1050 1988 1113 2017 est
1136 1992 1310 2031 nempe,
1345 1978 1460 2033 quod
1481 1997 1550 2022 πε.

79 2040 287 2093 ρίδειπνον
315 2049 495 2088 vocant,
526 2037 686 2077 Latine
715 2037 975 2085 silicernium,
1008 2044 1047 2074 et
1068 2039 1314 2089 exsequium,
1346 2046 1388 2076 et
1409 2043 1549 2077 καθα-

79 2098 261 2150 γίσματα.
324 2094 434 2133 Vide
457 2094 507 2133 de
526 2096 653 2133 Luct.
677 2108 711 2132 c.
735 2098 775 2136 9.
801 2103 842 2132 et
865 2097 929 2135 19.
953 2101 992 2130 et
1011 2093 1264 2130 Demonact.
1287 2106 1322 2132 c.
1347 2098 1415 2136 38.
1463 2093 1548 2132 So-

82 2166 186 2190 ΒΑΝ.
248 2150 434 2190 Coenam
466 2152 663 2197 feralem,
698 2163 805 2201 quae
840 2164 933 2186 cum
967 2162 1142 2200 corpore
1173 2148 1298 2186 simul
1331 2148 1374 2186 in
1395 2161 1546 2203 rogum

80 2207 248 2261 ingesta
284 2207 457 2246 cremari
484 2206 669 2255 solebat,
704 2205 942 2258 intelligele
967 2203 1136 2242 videtur
1165 2215 1287 2257 prtop
1279 2219 1411 2253 eren,
1446 2205 1547 2258 quia

79 2278 181 2302 mox
208 2263 269 2302 ait
300 2264 460 2302 animas
491 2276 655 2301 sursum
685 2262 880 2310 emissas,
922 2271 1130 2312 quatenus
1161 2260 1328 2309 liceret,
1374 2262 1547 2302 δειπνεῖν

79 2317 151 2372 τὴν
170 2322 336 2360 κνίσσαν
357 2321 424 2360 καὶ
443 2318 512 2361 τὸν
530 2336 636 2360 uam
641 2316 698 2359 όν·
761 2316 836 2357 Cor
840 2327 951 2355 nnius
973 2316 1038 2354 Eli
1028 2333 1085 2354 cte
1102 2316 1142 2354 7
1143 2319 1236 2355 iacti
1257 2316 1307 2354 ad
1327 2317 1432 2356 Pers.
1459 2319 1544 2358 Sat.

79 2375 164 2425 VI,
186 2379 224 2419 5.
249 2376 389 2413 ham
375 2393 416 2414 ιη
430 2376 557 2431 ficne1
551 2375 644 2413 ibus
666 2390 826 2413 coenam
847 2373 947 2411 (lelio
936 2376 1074 2411 iosom
1098 2373 1288 2424 (δεῖπνον
1308 2372 1544 2427 πολυτεὶὲς)

80 2447 274 2484 αρραιανε
302 2431 499 2480 solebant,
542 2447 640 2485 quac
667 2430 720 2467 ml
750 2446 812 2482 rog,
808 2446 884 2466 um
912 2428 1040 2466 allata
1081 2445 1165 2467 cum
1193 2431 1288 2482 ipsis
1318 2431 1545 2483 corporibus

83 2487 350 2528 cewemahatuu
380 2489 486 2542 qnod
515 2499 549 2527 ei
575 2486 767 2533 [similius
797 2495 1088 2533 commemorat,
1124 2485 1279 2531 (licens,
1314 2488 1442 2533 (Aen.
1465 2486 1543 2536 VI,

82 2545 193 2595 225)
224 2566 280 2574 —
311 2555 492 2597 congesta
525 2553 744 2583 cremantur
773 2543 901 2579 'Iurea
924 2540 1049 2588 (lona,
1095 2540 1233 2593 (lupos,
1253 2542 1356 2596 ficso
1380 2553 1544 2582 czwaietes

83 2599 200 2640 olivo.
260 2598 370 2638 Vide
394 2600 541 2639 ΤΙιεοιῖ.
567 2598 802 2639 Illurcilium
829 2606 870 2636 et
888 2596 1146 2638 Kitchmctnn.
1171 2597 1220 2636 de
1240 2599 1395 2637 Funer.
1417 2600 1542 2638 Rom.

81 2655 158 2695 IV.
188 2670 222 2694 c
248 2659 287 2698 4.
310 2659 349 2698 5.
408 2657 637 2695 Diversum
667 2666 751 2703 est,
785 2662 931 2691 contra
967 2663 1094 2706 atque
1123 2654 1195 2692 alii
1232 2657 1406 2703 volunt,
1440 2655 1543 2707 opi—

85 2711 218 2752 nione
238 2725 329 2750 mea
362 2711 624 2753 silicernium:
654 2685 836 2765 primum
865 2724 1006 2759 coena,
1039 2725 1138 2764 quae
1162 2710 1327 2769 insertur
1348 2710 1437 2750 Diis
1457 2727 1545 2751 ma-
