1781 3174
211 167 311 215 632
558 174 1319 208 ADNOTATIONES

325 274 429 316 Ead.
451 278 480 316 1.
504 280 543 320 8.
577 275 660 317 Καὶ
687 277 758 326 τῆς
777 272 984 326 τριαίνης)
1018 271 1238 324 Tridentis,
1273 286 1358 327 quo
1376 272 1513 327 pisces
1533 274 1678 315 lanei-

215 342 321 375 nant
346 347 393 372 ac
414 330 588 371 fodiunt
610 331 857 384 piscatores.
898 330 1042 368 Bnon.

330 388 436 429 Ibid.
463 385 636 442 Ἀκμὰς)
665 386 881 426 Libellum
900 385 951 425 de
973 384 1174 424 Mercede
1201 383 1462 436 Conductis,
1493 386 1577 426 hoc
1599 397 1677 438 est,

220 447 273 488 de
305 444 559 486 conditione
588 445 725 491 vitae,
760 457 885 496 quam
914 442 1064 481 vivant
1096 442 1182 492 illi,
1217 441 1291 495 qui
1322 441 1366 479 in
1390 443 1681 507 potentiorum

222 502 417 542 domibus
441 499 596 555 degant
617 503 684 539 vel
706 501 977 554 παιδαγωγίας
1005 512 1171 547 caussa,
1205 500 1272 537 vel
1294 507 1342 536 ut
1365 499 1608 552 principum
1631 501 1682 538 il-

221 563 360 601 lorum
384 557 573 597 virorum
596 556 806 604 familiae,
832 558 924 594 solo
946 553 1202 594 eruditionis
1227 569 1326 593 suae
1356 555 1527 594 nomine
1546 555 1685 610 quod-

225 615 318 658 dam
343 613 462 667 quasi
482 612 608 652 decus
630 611 837 660 adferant,
854 612 1057 650 Lucianns
1079 610 1263 674 scripsit.
1286 620 1335 647 ut
1355 621 1473 664 patet
1494 626 1546 651 ex
1568 627 1685 664 prae-

222 670 362 711 missis
382 668 433 708 ad
455 670 635 707 amicum
667 683 788 707 suum
810 668 1065 718 Timoclem‚
1099 667 1173 721 qui
1202 665 1275 704 isti
1294 666 1408 706 vitae
1429 669 1574 722 generi
1594 679 1688 707 tra-

226 728 322 767 dere
351 740 408 777 se,
434 725 629 764 dudum
618 740 662 762 ιη
684 724 826 763 animo
849 723 1036 772 haberet,
1055 722 1329 770 monendum,
1361 733 1406 761 ut
1429 734 1541 769 ante,
1563 739 1687 779 quam

225 798 271 824 se
299 783 343 821 in
371 781 629 835 potentioris
664 781 846 833 alicujus
878 779 1085 818 familiam
1116 779 1420 829 committeret,
1460 779 1689 834 diligenter

228 855 323 881 curn
355 837 498 878 animo
528 846 742 891 reputaret
773 851 843 885 ea,
885 849 991 890 quae
1018 838 1266 889 plerumque
1297 834 1540 875 istiusmodi
1576 837 1690 876 vitae

226 906 385 936 statum
414 894 692 941 comitentur;
726 908 779 933 ne
811 893 923 931 forte
955 906 1046 931 sero
1079 907 1172 932 eum
1201 890 1329 941 facti,
1363 906 1449 930 non
1471 893 1571 931 satis
1593 903 1692 933 ante

228 951 429 1006 perpensi
449 961 490 991 et
511 949 758 999 deliberati,
792 950 1053 1014 poeniteret-3
1086 958 1128 987 et
1150 962 1203 985 ne
1228 947 1483 1002 quandoque
1503 963 1694 1004 querere.

229 1019 324 1058 tur,
357 1007 441 1047 sibi
475 1007 663 1046 defuisse
697 1006 820 1044 amici
851 1005 1063 1044 monentis
1093 1003 1257 1043 salubre
1288 1005 1528 1044 consilium.
1588 1006 1695 1044 Vult

232 1079 354 1119 crgo,
385 1074 435 1102 ut
454 1064 594 1117 ipsum
617 1061 725 1101 illud
744 1071 831 1101 rete
852 1071 968 1110 ante,
1003 1075 1126 1114 quam
1144 1075 1194 1100 eo
1217 1075 1259 1099 se
1277 1059 1492 1109 involvat,
1526 1062 1696 1101 extrin-

233 1135 352 1160 secus
374 1119 601 1174 diligenter
629 1119 873 1191 pefflrspiciat.
935 1119 1015 1158 Καὶ
1039 1123 1113 1159 τοῦ
1142 1113 1354 1184 ἆγκίστοου
1380 1120 1422 1158 δὲ
1441 1116 1484 1160 τὸ
1506 1116 1695 1188 ἀγκύλον,

233 1178 374 1232 pergit
402 1180 506 1230 jam,
549 1176 617 1217 καὶ
641 1192 756 1245 mv?
742 1177 780 1223 ἐς
805 1173 850 1216 τὸ
883 1175 1049 1227 ἔμπαλιν
1074 1178 1149 1215 τοῦ
1182 1171 1382 1222 σκόλοπος
1416 1170 1693 1227 ἀναστροφὴν,

233 1235 387 1285 καὶτῆς
413 1235 594 1287 τοιαίνης
621 1230 692 1280 τὰς
713 1229 842 1285 ἀκμὰς
864 1234 917 1279 εἰς
934 1228 1005 1279 τὰς
1027 1237 1162 1301 γεῖοας
1182 1228 1342 1282 λαβων,
1374 1230 1475 1284 πρὸς
1501 1249 1575 1281 την
1603 1231 1698 1286 γνά-

234 1297 317 1332 θον
336 1307 384 1331 πε
377 1305 547 1342 φυσημε
537 1291 625 1341 ’νηι
646 1286 995 1341 ἄποπειοώμενος,
1017 1305 1069 1339 ἠν
1089 1305 1171 1340 iili]
1162 1284 1268 1327 πάνυ
1290 1284 1380 1336 ὀξέα
1399 1297 1479 1328 etc.
1513 1289 1597 1326 Hic
1620 1303 1696 1353 pro

235 1344 368 1399 ἆκμας
387 1346 592 1385 Broclaeus
610 1345 796 1384 Miscell.
819 1344 898 1383 IX.
922 1358 954 1382 c.
970 1350 1034 1387 13.
1056 1343 1228 1395 reponit
1250 1340 1403 1396 αἰχμάς.
1446 1345 1582 1383 Acute
1605 1345 1699 1397 qui-

237 1402 331 1442 dem
360 1401 403 1440 id
433 1401 658 1447 Btwodaeus
690 1399 763 1439 sed
795 1403 922 1453 longe
957 1400 1146 1453 aigutior
1177 1400 1372 1451 profecto
1404 1409 1446 1438 et
1482 1402 1700 1439 venustior

235 1459 364 1499 lectio
389 1461 574 1511 vulgata.
615 1447 738 1510 Ἄκμη
760 1467 821 1496 est
841 1456 1165 1494 subtilissimum
1185 1455 1299 1493 istud
1324 1466 1365 1494 et
1385 1456 1697 1500 tenuissimum,

238 1525 368 1567 atque
392 1512 495 1553 adeo
523 1514 721 1553 acerrime
749 1527 893 1552 secans
920 1512 965 1550 in
995 1511 1148 1575 quovis
1170 1510 1221 1548 ad
1250 1511 1475 1550 secandum
1497 1527 1701 1566 pungen-

240 1569 396 1609 duxnve
417 1579 517 1622 apto
542 1570 841 1609 instrumento.
903 1568 973 1607 Sic
1000 1568 1111 1607 acies
1141 1571 1375 1608 novaculae
1408 1567 1566 1607 dicitur
1593 1567 1701 1623 ἀκμὴ

239 1629 379 1681 ξυροῦ.
438 1625 637 1665 Homerus
655 1627 705 1666 Il.
729 1629 778 1666 Κ.
799 1639 838 1664 V
864 1629 958 1667 170·

464 1686 560 1723 Νῦν
581 1688 656 1736 γάρ
678 1681 726 1733 δη
746 1678 961 1723 πάντεσσιν
987 1681 1089 1723 ἔσθι’ἓ
1070 1685 1195 1733 ξ,υροῦ
1211 1680 1363 1722 ἵσταται
1382 1674 1511 1733 ἀκμῆς

453 1735 633 1791 ''Hy-dioc
660 1737 805 1793 Άυγρός
823 1735 992 1789 ὄλεθρος
1009 1736 1201 1789 Ἀχαιοῖς,
1231 1735 1278 1790 ηὲ
1297 1739 1455 1789 firmum

460 1795 580 1834 Nunc
601 1797 700 1833 enim
721 1794 898 1834 omnibus
919 1798 959 1833 in
989 1794 1202 1833 novaculae
1220 1804 1298 1832 stat
1320 1795 1404 1832 acie

466 1850 546 1890 lscl
575 1851 691 1890 valde
713 1854 820 1890 triste
851 1853 1015 1889 exitium
1036 1851 1227 1900 Achivis,
1256 1848 1319 1888 vel
1333 1851 1429 1890 vita.

243 1909 315 1949 Sic
335 1907 509 1948 verbum
530 1907 660 1946 verbo
685 1917 828 1960 potest
848 1906 990 1947 reddi:
1024 1920 1170 1944 sensus
1188 1915 1271 1952 est,
1307 1904 1358 1943 ad
1380 1915 1609 1946 extremum
1629 1923 1708 1947 us·-

243 1979 325 2020 que
346 1963 606 2003 discriminis
630 1973 835 2015 punctum
855 1977 917 2001 res
936 1978 1094 2001 summa
1116 1962 1377 2000 Achivorum
1399 1963 1542 2011 venit,
1564 1974 1708 2004 utrum

244 2021 361 2061 tristi
391 2020 526 2060 exitio
548 2020 634 2057 sint
659 2019 860 2070 perituri,
895 2034 945 2056 an
970 2023 1145 2057 salutem
1176 2018 1406 2065 servaturi3
1441 2019 1554 2067 sive,
1590 2021 1710 2059 Peri..

248 2077 450 2118 clitantur
470 2091 584 2115 nunc
604 2075 761 2114 Achivi
785 2074 836 2114 de
860 2076 946 2113 vita
965 2085 1006 2115 et
1030 2074 1080 2114 de
1102 2085 1249 2116 morte.
1291 2075 1359 2112 De
1379 2076 1605 2126 proverbio
1624 2076 1707 2116 hoc

246 2135 312 2176 ἐπὶ
344 2137 468 2186 ξυροῦ
491 2134 702 2182 ἵστασθαι,
745 2130 920 2171 videndi
954 2131 1338 2184 paroemiographi.
1409 2131 1626 2184 Quantum
1654 2132 1709 2172 ad

248 2204 371 2229 usum
395 2189 513 2228 vocis
540 2187 668 2241 ἆκμη,
700 2191 798 2227 loco
826 2187 928 2226 huic
950 2188 1164 2226 IIomerico
1188 2186 1613 2226 convenientissimus
1637 2189 1711 2228 ille

247 2247 429 2302 Dionysii
455 2244 554 2285 Hal
588 2245 633 2283 in
662 2254 851 2283 extremo
874 2243 944 2286 lib
968 2244 1050 2282 ΠΙ.
1088 2241 1261 2295 ἐρχαιολ.
1295 2242 1368 2281 ubi
1403 2243 1535 2282 Accio
1565 2243 1707 2283 Navio

250 2312 389 2342 cotem
420 2304 627 2340 novacula
659 2300 947 2349 discindente‚
979 2298 1006 2352 ἡ
1030 2301 1071 2341 δὲ
1098 2296 1201 2351 ocum}
1227 2304 1300 2341 τοῦ
1330 2296 1499 2353 σιὸηοου
1527 2297 1581 2340 δι’
1610 2298 1708 2369 o'k'ov

251 2361 502 2401 κατελθοῦσα
523 2363 598 2398 τοῦ
627 2360 746 2398 λίθου
772 2366 849 2396 etc,
912 2358 1027 2408 Ergo
1050 2355 1170 2396 ἀκιιαι
1192 2362 1260 2405 τῆς
1283 2358 1480 2408 ωιαίνης,
1511 2356 1622 2394 sicut
1639 2354 1710 2398 oin-

254 2414 306 2466 μὴ
329 2417 456 2467 ξυροῦ
472 2413 584 2465 apud
605 2414 822 2453 Ηοηιενιιηῑ
841 2423 880 2452 et
895 2414 1025 2461 Dion)
1027 2416 1126 2451 sium
1148 2412 1247 2451 Hal.
1273 2416 1381 2460 (narn
1403 2420 1443 2449 et
1463 2411 1576 2464 apud
1594 2412 1709 2453 hunc

255 2469 374 2521 ξυρὸς
398 2469 718 2523 intelligendus,
736 2483 842 2522 quae
861 2484 945 2508 vor-z
969 2483 1139 2522 quoque
1157 2470 1458 2520 praecesserat)
1481 2478 1580 2506 sunt
1599 2470 1711 2509 acies

257 2526 448 2565 dentium
477 2526 522 2563 in
553 2526 758 2576 tridente3
771 2524 906 2592 quod
935 2523 1157 2578 propter'ea
1187 2537 1358 2572 moneo,
1391 2537 1442 2561 ne
1476 2524 1570 2577 quis
1593 2525 1645 2564 ad
1665 2527 1712 2565 id

257 2581 470 2627 offendat,
504 2582 620 2634 quod
650 2596 735 2622 vox
757 2577 884 2632 ακμή,
917 2580 1018 2619 alibi
1048 2581 1201 2632 passim
1230 2580 1273 2616 in
1302 2580 1530 2632 singulari,
1564 2580 1633 2619 hic
1664 2583 1711 2621 in

255 2637 411 2689 plurali
432 2649 668 2691 usurpatur.
711 2639 767 2676 At
784 2637 828 2676 id
850 2638 986 2676 facere
1008 2636 1155 2675 debuit
1174 2612 1530 2687 L.1cza111ss;cuni
1552 2636 1711 2677 tridens

257 2693 411 2734 habeat
441 2703 523 2733 tres
557 2694 775 2748 cuspides,
809 2703 935 2747 atque
963 2692 1066 2732 adeo
1090 2702 1172 2730 tres
1195 2691 1418 2731 distinctas
1441 2690 1587 2746 οἷκμᾶο,
1619 2695 1712 2733 sive
1741 2700 1745 2703 ⁴
