1781 3174
195 147 295 198 456
542 160 1298 194 ADNOTATIONES

197 260 272 317 qui
294 273 539 314 persuasum
558 257 733 298 habeam
747 290 758 308 ‚
792 272 814 296 a
840 256 1016 297 diversis
1036 257 1279 298 auctoribus
1304 273 1390 298 non
1408 272 1580 313 prorsus
1601 261 1658 300 si-

197 317 291 357 mili
331 316 459 356 modo
501 313 738 367 Polycratis
769 313 992 353 historiam
1035 329 1122 354 esse
1161 317 1389 355 memoriae
1419 316 1659 369 proditam,

199 383 426 426 utrumque
444 370 635 426 Ὀροίτην
664 379 707 408 et
730 368 932 425 Ὀρόντην
956 370 1226 410 retinendum
1256 371 1427 425 judico,
1460 381 1502 411 et
1531 374 1657 415 MSS.

201 428 328 468 duces
351 442 529 482 sequor:
563 426 710 466 suidas
738 437 936 465 neutrum
972 428 1129 466 omisit.
1187 423 1387 482 Ὀρόντου
1415 433 1490 471 τοῦ
1518 428 1662 482 camo?-

200 502 281 528 που
298 490 371 538 τῆς
384 483 591 539 Ἀρμενίας
613 483 804 521 meminit
821 482 1004 537 Polyacn.
1022 484 1100 533 IV,
1122 489 1160 528 8.
1184 489 1222 534 0.
1242 491 1281 529 3.
1305 495 1347 524 et
1365 485 1539 523 alterius
1557 487 1659 536 VII,

203 548 268 587 13.
294 551 336 581 et
360 546 424 584 14.
466 541 535 579 De
555 538 813 578 Maeandrio
836 539 935 577 vide
954 540 1004 578 ad
1024 540 1230 593 Necyom.
1251 556 1285 579 c.
1310 546 1374 584 16.
1437 541 1526 595 Qui
1552 546 1665 584 Μαί.

203 601 350 651 ανόρος
372 605 461 635 erat
479 595 522 633 in
547 595 698 648 priscis
723 594 920 634 Herodoti
937 595 1031 636 edd.
1051 596 1315 653 Μαιάνδριον
1339 597 1445 638 fecit
1466 613 1520 638 ex
1553 598 1662 641 Cod.

201 654 321 695 Med.
344 654 432 693 Jac.
458 652 689 692 Gronovius.
721 652 904 693 HEMST.

318 763 534 807 Ead.1.7.
568 758 704 819 Εὖγε,
747 765 778 805 ὠ
812 769 998 814 Κλωθοῖ,
1040 768 1231 820 γενικῶς)
1264 767 1351 806 Ms.
1385 762 1473 821 εὖγε
1502 771 1673 810 Κλωθοῖ

231 822 368 876 ενική,
400 825 531 876 vulgo
553 825 730 876 γενικῶς.
792 820 914 875 Quae
935 831 1073 860 autem
1096 823 1357 876 generositas
1383 823 1427 860 in
1453 823 1668 876 capitibus

202 841 428 920 {nominum
450 878 722 926 truncandis,
762 886 804 915 et
830 880 927 930 palo
961 876 1241 932 suffigendis'?
1286 878 1367 918 Sed
1399 880 1512 918 forte
1544 880 1667 921 scrib.

204 939 424 992 γεννικῶς,
456 945 628 984 strenue,
651 934 831 991 fortiter.
889 934 1000 972 Mox
1022 934 1160 974 scribe
1179 933 1287 992 νήσῳ
1320 937 1362 976 ἐν
1390 934 1594 993 ἀμφιρύτῃ
1616 950 1670 977 ex

205 993 370 1034 Homer.
391 989 546 1043 OdySS.
570 993 619 1030 A.
641 1006 679 1030 v.
701 995 768 1033 40.
802 989 965 1028 minuta
988 989 1092 1029 haec
1112 1002 1226 1041 sunt,
1260 991 1329 1030 sed
1350 1001 1488 1031 tamen
1508 1006 1669 1042 omnes,

208 1063 314 1103 quas
338 1046 456 1095 vidi,
490 1046 701 1086 editiones
726 1046 966 1098 deturpant.
1029 1047 1149 1100 Quae
1179 1047 1228 1087 de
1248 1047 1503 1087 Maeandrio
1526 1048 1674 1087 domi-

206 1120 309 1144 num
332 1118 452 1142 suum
474 1104 741 1155 Polycratem
774 1101 982 1155 prodente
1013 1103 1188 1150 scribit,
1221 1118 1308 1143 non
1337 1107 1541 1158 leguntur
1559 1103 1674 1157 apud

207 1161 479 1210 Herodotum,
512 1159 585 1198 sed
608 1174 659 1198 ex
679 1160 764 1197 alio
787 1159 1009 1197 Historico
1030 1160 1102 1198 illa
1122 1160 1280 1199 hausit.
1338 1160 1468 1213 Apud
1490 1160 1674 1200 Heroclo-

208 1229 292 1258 ium
316 1227 470 1269 sponte
495 1231 569 1254 sua
589 1215 877 1268 proficiscitur
901 1216 1146 1267 Polycrates
1166 1215 1216 1254 ad
1240 1216 1452 1256 Oroetem.
1495 1217 1673 1258 GRAEV.

207 1278 299 1312 Aut
319 1274 443 1312 aliter
461 1272 724 1318 vertendum,
757 1285 879 1324 quam
900 1272 1008 1310 fecit
1027 1271 1274 1322 Benedictus,
1307 1287 1457 1325 nempe
1472 1289 1678 1326 generose,-

210 1338 286 1369 aut
311 1328 580 1368 scribendum
607 1333 821 1382 γεννικῶς,
854 1336 902 1365 ut
935 1327 979 1364 in
1010 1328 1322 1379 Tyrannicida:
1355 1326 1445 1370 οὐδ’
1473 1331 1679 1383 ἐπιχειρεῖν

210 1402 273 1434 τις
294 1383 433 1438 ἐτόλμα
453 1389 532 1426 τῶν
548 1388 756 1438 γεννικῶν.
815 1384 869 1422 In
891 1382 1083 1422 vitarum
1105 1384 1328 1423 auctione:
1360 1387 1455 1439 βίον
1481 1382 1679 1440 ἀνδρικὸν

209 1446 359 1492 πωλῶ,
391 1444 480 1495 βίον
503 1440 667 1494 ἄριστον
687 1435 971 1495 καὶγεννικὸν.
1028 1441 1080 1480 In
1102 1440 1432 1480 Pseudomante:
1462 1439 1571 1482 πάνυ
1592 1459 1678 1496 γεν-

211 1503 336 1547 νικῶς
352 1495 612 1552 καρτερήσας.
672 1497 782 1536 Nam
802 1495 966 1548 placuit
984 1511 1031 1535 ea
1049 1510 1136 1535 vox
1164 1497 1343 1538 auctori.
1379 1498 1520 1540 GRON.
1584 1503 1680 1540 Γεν-

174 1566 178 1568 ’
212 1557 368 1605 νικῶς)
399 1555 492 1605 Sic,
533 1563 582 1591 ut
610 1552 831 1592 emendare
858 1555 1070 1606 jusserant
1096 1552 1180 1590 viri
1208 1551 1347 1603 docti,
1390 1554 1454 1593 ed.
1479 1554 1517 1593 J.
1551 1556 1681 1593 Reli-

216 1625 327 1664 quae
346 1610 502 1650 vitiose
520 1615 706 1663 γενικῶς,
739 1610 824 1647 nisi
845 1607 960 1661 quod.
979 1609 1031 1647 G.
1051 1618 1093 1647 et
1110 1609 1155 1647 P.
1182 1608 1346 1664 γενικὴ,
1376 1610 1504 1649 etiam
1536 1625 1679 1664 prave.

174 1685 176 1688 ·
215 1667 384 1706 SOLAN.
447 1666 568 1720 Quae
595 1665 646 1703 ad
676 1666 818 1704 Somn.
849 1665 944 1705 Vol.
969 1665 1005 1703 I.
1027 1679 1066 1717 p.
1093 1669 1186 1708 184.
1212 1679 1273 1719 sq.
1315 1665 1532 1706 observata
1563 1677 1680 1716 sunt,

217 1723 466 1763 adverbium
488 1722 572 1761 hoc
601 1723 729 1760 unius
761 1721 909 1760 literae
940 1721 1182 1760 accessione
1213 1722 1558 1774 locupletandum
1592 1737 1682 1762 esse

217 1780 322 1819 satis
365 1779 572 1832 probant:
619 1792 746 1831 opera
775 1791 864 1815 mea
895 1776 1166 1828 supersedere
1193 1777 1405 1828 licuisset,
1446 1778 1483 1815 si
1510 1789 1599 1817 tum
1630 1777 1683 1816 ad

217 1849 390 1874 manum
414 1835 614 1886 fuissent,
647 1849 753 1886 quae
777 1832 901 1871 docte
922 1834 1096 1886 scripsit
1118 1833 1185 1872 vir
1205 1834 1387 1872 eximius
1403 1834 1528 1873 Laur.
1545 1835 1683 1874 Νονν-

219 1907 355 1931 mann.
376 1890 428 1930 ad
454 1891 628 1930 Tkomae
648 1891 766 1944 Mag.
799 1888 986 1929 Laudat.
1047 1890 1223 1943 Gregor.
1243 1890 1451 1930 Nazianz.
1474 1905 1568 1945 pag.
1591 1894 1686 1934 167.

220 1952 320 1992 168.
359 1947 457 1999 ubi,
491 1957 714 2001 postquam
743 1947 794 1985 de
816 1943 976 2000 γενικὰς
1001 1955 1043 1985 et
1061 1944 1243 2001 γεννικὸς
1273 1948 1383 2000 egit,
1426 1963 1472 1985 ηε
1502 1947 1687 1986 adverbio

220 2008 436 2060 γεννικῶς,
468 2003 654 2043 hactenus·
679 2005 760 2042 sim:
788 2013 890 2042 ccrto
923 2001 1007 2041 lare
1035 2018 1083 2042 ac
1112 2013 1281 2055 patrono
1310 2003 1527 2053 oberranti,
1562 1999 1690 2056 ἄπρο-

221 2059 629 2116 ficoco‘lovfortassean
651 2062 891 2112 impingatur
911 2058 1024 2107 dica,
1056 2075 1147 2097 suos
1176 2058 1240 2097 illi
1256 2061 1373 2097 etiam
1404 2070 1562 2112 penates
1591 2063 1688 2099 vin-

225 2116 405 2172 dicesque
424 2115 563 2157 reddit.
624 2116 689 2154 Ne
710 2115 780 2153 hic
806 2114 976 2167 quidem
1007 2118 1129 2154 locus
1163 2117 1250 2168 ejus
1284 2115 1549 2167 diligentiam
1576 2115 1689 2154 effu-

226 2173 314 2226 git;
351 2187 436 2226 quo
470 2172 640 2225 posito,
671 2172 815 2218 szia,
857 2171 1021 2223 inquit,
1062 2175 1275 2225 γεννικῶς·
1313 2170 1474 2215 Aldus,
1512 2167 1687 2224 γεννική.

226 2230 412 2269 HEMST.
474 2228 832 2281 Corruptissimus
849 2229 986 2273 locus,
1020 2227 1065 2265 in
1091 2241 1176 2279 quo
1196 2227 1379 2280 genuina
1402 2227 1578 2265 Luciam*
1597 2241 1691 2266 ver-

226 2284 280 2322 ba
318 2283 545 2323 difficulter
576 2284 758 2339 detegaS.
827 2285 918 2324 Jam
952 2283 1133 2336 primum
1174 2297 1249 2335 per
1275 2297 1316 2322 se
1348 2283 1438 2335 ipsa
1471 2282 1692 2321 damnatur

229 2340 352 2382 codd.
373 2341 500 2379 trium
525 2342 680 2380 Pariss.
705 2340 860 2380 lectio:
880 2337 1056 2394 ’Ἀγαμαι
1076 2343 1276 2387 Κλωθοῦς
1294 2343 1499 2391 γεννικῆς·
1529 2340 1597 2380 καὶ
1619 2336 1692 2379 αὖ·

228 2395 325 2445 τούς
341 2405 421 2439 etc.
461 2405 504 2435 et
532 2400 797 2449 exploratum
824 2407 910 2442 est,
943 2396 1188 2448 compellari
1225 2410 1246 2434 a
1280 2394 1477 2434 Charone
1504 2394 1689 2441 Clotho,

230 2452 544 2506 legendumque
565 2464 730 2502 esse,ut
753 2455 884 2507 vulgo
904 2452 1073 2505 legitur,
1089 2445 1234 2506 εὖγε,αἷ
1258 2455 1454 2492 Κλωθοῖ.’
1499 2451 1609 2490 Item
1639 2450 1692 2489 de

234 2509 429 2562 sequenti
458 2523 563 2549 voce
594 2525 708 2548 nunc
736 2519 833 2562 post
860 2510 1122 2549 eruditorum
1158 2506 1468 2560 disputationes
1503 2516 1692 2556 constat,

232 2569 434 2619 γεννικῶς,
469 2579 554 2603 non
574 2571 760 2620 γενικῶς.
794 2580 870 2604 nec
890 2563 1065 2621 γεννικὴ,
1095 2566 1228 2602 multo
1250 2563 1387 2602 minus
1407 2561 1558 2618 γενικὴ,
1591 2563 1695 2601 huic

234 2624 331 2660 loco
352 2621 606 2668 convenirem
639 2637 725 2660 non
743 2621 844 2660 item
865 2630 1054 2666 constat,
1086 2633 1282 2674 quorsum
1305 2625 1497 2673 γεννικῶς
1510 2620 1694 2658 referen—

239 2677 338 2717 dum
356 2677 432 2728 sit,
463 2688 602 2719 utrum
626 2693 700 2732 per
723 2695 764 2719 se
788 2679 1001 2733 positum,
1034 2692 1087 2717 an
1109 2691 1201 2716 cum
1223 2689 1309 2731 sqq.
1331 2678 1545 2729 junctum,
1578 2674 1693 2728 cogi-
