1781 3174
548 205 621 237 ιΝ
692 200 1182 238 ΡιεοΛΤοῃιςΜ.
1495 193 1595 238 583

127 302 349 358 gravitatis
375 317 520 342 caussa
553 317 639 343 non
672 312 839 357 poterat
864 301 1069 344 sufficere.
1130 303 1221 344 Jam
1258 316 1359 342 vero
1390 316 1591 356 personas

129 361 169 397 in
192 361 312 398 libris
331 360 529 399 confusas
554 374 642 400 esse
671 371 783 401 recte
802 358 1003 399 viderunt
1027 361 1121 399 Viri
1155 359 1293 410 docti,
1327 370 1367 398 et
1403 358 1593 398 ostendit

127 417 252 455 etiarn
275 415 421 456 Codex
441 421 564 461 2954.
593 417 636 455 in
660 431 770 470 quo,
805 431 912 471 quae
934 419 1063 486 vulgo
1093 418 1265 465 Virtuti,
1298 419 1380 469 jam
1404 417 1450 454 V
1445 418 1587 465 mirati,

125 484 191 522 et,
226 487 331 527 qnae
357 473 458 512 olim
491 473 795 527 Philosophiae,
827 472 929 530 (κτῗγ
935 491 964 514 ω
1001 471 1110 515 πάνυ
1137 471 1393 527 ἠρυθρίασα,
1428 473 1457 512 ὦ
1484 470 1589 524 'Aoe-

123 547 192 580 γη
227 532 292 568 vel
321 529 490 582 potius,
523 545 608 584 quo
639 545 753 569 nunc
784 544 890 583 opus
918 529 988 580 fit,
1022 532 1052 571 ὠ
1068 528 1284 585 ’1ληθεια)
1314 533 1395 583 jam
1418 531 1590 583 Tempe-

122 588 294 634 mariae,
338 576 630 642 Sopkr·os)nc1e,
674 586 932 628 nibuuntur.
994 587 1182 627 Similem
1219 587 1262 625 in
1297 585 1469 626 modum
1503 589 1586 638 jam

123 641 385 690 llielandius,
429 657 512 696 qua
541 653 628 683 erat
656 642 808 697 judicii
839 643 1074 697 elegantia,
1103 657 1305 697 personas
1336 650 1586 682 mutaverat.

122 699 175 735 Et
199 698 468 738 Schmiedems
487 699 627 738 hanc
616 711 821 750 mtegram
845 709 990 739 textus
1019 702 1197 739 formam
1228 714 1306 739 suo
1335 703 1427 754 jure
1460 698 1587 739 resti-

116 756 224 802 tuit;
257 754 457 807 probavit
476 757 601 796 etiam
632 759 677 799 T.
698 757 742 796 F.
764 756 1011 796 Benedictus.
1042 757 1199 799 mex.

226 833 329 874 Εαιῖ.
352 837 380 872 l.
402 839 441 877 7.
471 833 648 890 Ἰλιέων)
681 836 902 882 Historia,
935 850 1043 889 quae
1065 835 1167 874 huic
1190 834 1418 889 proverbio
1443 848 1590 877 ansam

117 889 258 940 dedit,
294 891 337 928 in
363 891 544 932 obscuro
570 903 648 933 est.
680 893 784 931 hinc
807 894 1083 944 interpretum
1104 891 1336 933 silentium.
1398 892 1495 930 Hoc
1512 904 1586 943 per

114 962 158 986 se
187 956 325 1000 patet,
359 949 592 1000 Trojanos,
628 950 703 1001 qui
734 949 974 998 excidium,
1006 959 1128 1001 capta
1160 949 1284 998 urbe,
1318 948 1581 1002 effugerant,

116 1004 282 1043 tandem
307 1004 539 1057 aliquando
560 1005 737 1045 ludicris
757 1020 801 1044 se
833 1005 1056 1055 dedentes,
1100 1005 1144 1043 in
1178 1005 1444 1059 Tragoedum
1476 1003 1583 1041 inci-

116 1059 250 1110 disse,
285 1061 359 1113 qui
384 1063 644 1102 calamitates
672 1066 763 1114 ejus
794 1063 980 1116 prioreS,
1015 1072 1086 1100 aut
1109 1062 1277 1111 studio,
1311 1071 1382 1100 aut
1415 1062 1583 1112 impru-

112 1117 214 1155 dens
238 1119 584 1167 repraesentavit.
635 1119 753 1157 Idem
779 1118 1051 1170 proverbium
1075 1119 1214 1172 tangit
1235 1119 1361 1156 etiam
1381 1118 1425 1156 in
1451 1119 1579 1157 Pseu-

111 1173 195 1211 dol.
226 1188 257 1214 c.
283 1178 348 1216 10.
380 1173 546 1214 SOLAN.
606 1175 706 1217 Vid.
730 1176 838 1216 Dion
859 1175 1120 1231 Clzrysostom.
1157 1175 1202 1213 in
1222 1177 1342 1215 Tars.
1362 1175 1396 1217 Ι.
1417 1189 1458 1228 p.
1481 1178 1579 1217 266.

106 1229 171 1269 ed.
195 1229 291 1270 Ald.
323 1231 486 1272 Bam.

215 1298 314 1351 Pag-
340 1303 434 1343 173.
457 1302 545 1342 1.2.
570 1295 790 1353 Ἁπᾶσαις)
828 1297 1009 1353 Ψήφοις.
1039 1297 1168 1339 Brod.
1210 1297 1311 1339 Vid.
1340 1311 1469 1351 supra
1497 1295 1581 1337 hoc

104 1354 222 1394 Dial.
242 1369 276 1395 c,
301 1360 370 1399 21.
402 1357 567 1395 ΒΕΙΤΖ.

218 1434 367 1474 Ead.1.
394 1439 434 1477 4.
469 1432 852 1489 Προςεκύνησα
890 1433 984 1487 τήν
1022 1451 1074 1489 γε
1113 1431 1350 1487 ποῶτην]
1395 1434 1580 1474 Pessime

105 1490 208 1530 haec
226 1490 351 1530 verba
376 1491 517 1530 habita
539 1501 638 1530 sunt
657 1506 678 1529 a
699 1492 916 1546 plerisque
938 1491 1245 1543 interpretibus
1263 1501 1304 1529 et
1323 1491 1577 1530 editoribus.

103 1546 420 1603 ΡιῖνεῙσῘιε)νηενιιε
443 1548 613 1602 quidem
635 1547 843 1586 reddidit:
876 1549 999 1588 Hanc
1026 1551 1197 1602 primam
1229 1547 1419 1587 ador-mi:
1450 1564 1580 1587 rmum

103 1603 217 1643 aliud
245 1606 318 1658 (at
354 1619 442 1643 non
476 1605 635 1659 legitur
666 1602 782 1655 ἄλλο,
815 1604 888 1643 sed
918 1603 1044 1658 αὐτὸ)
1076 1606 1204 1647 monis
1235 1606 1449 1656 Tragicum
1482 1620 1579 1656 opus

107 1661 203 1699 milzi
225 1678 417 1713 snper-csse
446 1673 567 1714 ριιίος
598 1661 964 1715 negligentissime
997 1661 1122 1699 haec:
1158 1675 1251 1697 nam
1284 1674 1452 1713 praeter
1479 1659 1577 1703 αὐτὸ

105 1718 231 1755 etiam
256 1735 328 1769 την
348 1734 391 1771 γε
417 1715 580 1771 πρώτην
611 1731 702 1755 curn
736 1732 895 1756 summa
925 1719 1129 1765 levitate,
1169 1720 1235 1755 vel
1264 1731 1435 1769 prorsus
1467 1733 1575 1768 non,

103 1783 341 1825 respectum
366 1787 454 1812 esse
475 1783 613 1826 patet·
646 1774 798 1823 vertit,
833 1788 879 1811 ac
899 1773 933 1811 si
955 1773 1125 1817 lenisset
1159 1770 1277 1825 τήνδε
1308 1783 1348 1811 et
1368 1771 1474 1815 ἄλλο.
1520 1776 1578 1813 Et

105 1828 325 1882 quaeritur
357 1830 555 1882 insuper,
590 1843 794 1883 quaenam
827 1831 882 1868 sit
911 1829 983 1868 illa
1011 1830 1176 1882 prima?
1221 1829 1465 1869 Ibielandius
1488 1846 1576 1871 non

104 1885 235 1938 magis
257 1885 404 1939 tetigit
428 1901 527 1934 rem,
554 1897 747 1925 vertens:
781 1885 903 1923 Auch
926 1886 999 1923 bin
1033 1885 1133 1923 ich
1123 1899 1269 1925 immet
1297 1885 1394 1925 dein
1409 1887 1577 1927 Vereb—

104 1956 170 1979 rer
191 1955 402 1994 gewesen.
466 1943 638 1995 Ergone
656 1949 896 1992 προςκυνεῖν
914 1941 964 1981 de
995 1941 1237 1994 discipulo,
1270 1942 1419 1982 colente
1437 1946 1578 1999 magi-

102 2008 260 2044 strum,
295 1999 455 2051 quippe
487 1998 670 2050 Cynicum
697 2000 831 2048 forte,
865 1998 1131 2052 eundemque
1153 1997 1258 2037 adeo
1280 2002 1423 2039 canino
1445 2016 1576 2051 more,

104 2058 302 2103 κυνικώς,
337 2053 629 2093 adorandum?
662 2079 711 2085 -
746 2057 898 2109 Longe
920 2055 1043 2093 absit.
1107 2055 1230 2094 Certe
1254 2055 1314 2093 sic
1334 2055 1577 2097 addendum

104 2111 190 2149 fuit
211 2125 262 2152 σε.
326 2112 381 2148 Et
402 2114 503 2149 tales
525 2114 628 2149 sales
663 2112 788 2150 etiam
822 2112 998 2150 omnino
1021 2111 1062 2149 h.
1101 2113 1129 2150 l.
1160 2126 1246 2149 non
1277 2112 1418 2150 forent
1453 2118 1573 2156 sales.

103 2167 244 2205 Aliam
267 2167 378 2205 viam
401 2168 579 2221 ingressi
600 2178 698 2206 sunt
724 2168 887 2207 Belinns
906 2178 947 2206 et
970 2168 1253 2207 Schmieclerus.
1317 2169 1456 2208 Vertit
1478 2172 1573 2220 ille,

103 2237 228 2276 quam
252 2223 324 2262 hic
343 2234 492 2276 postea
513 2222 662 2273 edidit,
696 2225 924 2264 lectionem
947 2225 999 2263 L.
1021 2228 1305 2275 apog-&vinnom
1342 2227 1433 2268 Jaxn
1460 2227 1573 2272 vide,

106 2281 179 2333 qui
211 2294 456 2332 concoquas
490 2280 649 2320 hancce
683 2280 1107 2333 interpretationem:
1155 2281 1233 2330 „J
1240 2282 1279 2320 ai
1311 2282 1403 2335 (le'ja
1436 2298 1574 2337 gagne

104 2351 168 2374 ma
194 2335 400 2390 premiere
423 2351 566 2380 cause;
602 2337 704 2375 mais
726 2336 756 2374 il
779 2352 842 2376 me
864 2336 1018 2376 semble
1042 2351 1123 2388 que
1145 2340 1184 2389 je
1204 2339 1294 2376 vais
1316 2339 1421 2378 faire
1448 2354 1573 2379 enco-

104 2407 147 2431 re
165 2396 346 2447 quelque
367 2391 493 2431 chose
517 2392 554 2443 (.
571 2393 588 2444 )
614 2393 662 2431 de
684 2396 777 2446 plus
798 2395 884 2432 fort
909 2403 950 2432 et
972 2393 1022 2431 de
1043 2397 1134 2446 plus
1157 2394 1298 2436 noble.
1313 2399 1342 2419 “
1399 2397 1437 2435 Υ
1441 2398 1511 2436 el
1502 2411 1573 2434 111-

105 2448 238 2503 signis
263 2449 366 2488 haee
403 2449 566 2501 ineptia
602 2451 828 2488 lectionem
863 2450 996 2502 ipsam
1027 2451 1165 2505 arguit
1203 2451 1315 2489 nihil
1343 2467 1454 2499 esse,
1489 2453 1572 2492 nisi

102 2518 282 2543 errorem
311 2505 536 2545 scribendi.
596 2505 750 2558 Neque
782 2517 922 2545 tamen
953 2515 1037 2544 tam
1069 2503 1190 2559 Parvi
1222 2509 1327 2547 fecit
1356 2509 1574 2553 ὃςιόοἷιῖιυ·

104 2575 217 2611 eam,
251 2560 300 2600 de
324 2576 403 2614 qua
429 2564 592 2615 agitur,
628 2563 872 2601 lectionem.
933 2563 974 2601 Is
997 2563 1100 2603 haec
1121 2562 1364 2604 adnotavit.
1395 2584 1508 2620 ,μην
1530 2583 1574 2620 γε

104 2616 295 2670 πρώτην]
333 2619 492 2670 quam?
532 2642 588 2649 --
626 2619 693 2656 Γκ
723 2619 953 2665 Variante,
995 2633 1118 2673 quam
1150 2620 1354 2675 Excerpla
1385 2623 1575 2678 Longolii

107 2674 231 2722 dant,
279 2676 608 2728 (προςενίκησα)
652 2676 864 2728 conjicere
893 2676 987 2729 quis
1017 2677 1151 2728 posuit
1184 2678 1429 2731 ponendum
1461 2695 1574 2728 esse,

107 2729 389 2786 προςεκύνησα
411 2734 546 2786 Νίκην
570 2750 612 2788 γε
634 2730 808 2787 πρώτην
868 2731 949 2772 Sed
983 2747 1070 2773 non
1101 2746 1208 2788 opus
1241 2744 1302 2775 eet
1324 2737 1575 2776 mutatione.
