1781 3174
435 252 506 283 IN
575 249 659 281 nn
729 247 1225 299 sAcnrrucrrs.
1467 234 1568 280 493

217 350 318 392 Ead.
341 353 369 390 1.
391 354 431 393 7.
465 345 551 389 Τὸν
582 343 750 400 Κρόνου
775 346 842 388 καὶ
865 341 1014 396 Ῥέας)
1043 342 1224 383 Ethnici
1245 343 1446 383 nimirum
1468 358 1573 397 pas-

107 410 186 448 sim
218 408 270 447 de
309 405 459 447 statuis
488 405 682 443 Deorum
720 405 986 456 loquuntur,
1029 400 1152 455 quasi
1182 409 1323 440 essent
1361 401 1444 453 ipsi
1477 401 1574 439 Dii.

103 465 240 507 Vide.
275 477 382 517 quae
399 460 643 500 notavimus
669 461 714 498 in
734 458 922 499 Criticae
945 460 989 498 P.
1011 464 1050 501 2.
1071 458 1110 496 S.
1137 462 1174 500 1.
1195 471 1230 495 c.
1257 460 1322 500 15.
1376 457 1514 499 CLER.

217 519 319 561 Ead.
341 522 369 557 l.
391 524 432 563 8.
464 518 649 559 Πισαίων
679 517 881 570 ἐρημίαν)
923 516 1137 555 Confecto
1167 513 1398 567 Olympico
1431 523 1575 553 certa-

106 577 233 616 mine.
263 576 406 617 Bnon.

216 631 319 671 Eacl.
342 635 369 670 1.
391 636 431 674 9.
464 628 545 672 Διά
561 627 694 684 πέντε)
723 628 792 668 Ne
813 628 883 667 cui
906 626 1047 667 fraudi
1064 627 1120 666 sit
1141 626 1249 666 illud
1270 625 1388 679 ὅλων,
1419 635 1575 666 notan-

108 689 159 729 da
178 688 306 739 hujus
326 687 562 727 locutionis
583 696 731 725 natura
745 717 756 736 ,
790 699 897 740 quae
917 684 1093 723 Graecis
1114 683 1311 736 inprimis
1331 683 1574 733 familiaris,

107 757 157 784 ut
174 743 318 784 videre
345 754 408 783 est
430 744 476 782 in
503 742 569 785 διὰ
587 744 725 792 πέντε,
758 740 824 784 διὰ
842 739 1066 794 τεσσάρων,
1100 754 1207 793 quae
1224 739 1389 779 Musici
1412 749 1576 778 norunt

107 803 168 840 ita
195 800 459 853 computari,
493 809 541 837 ut
562 799 768 854 graduum
798 811 994 837 numerus
1018 796 1184 835 unitate
1205 796 1376 834 multari
1406 795 1573 836 debeat.

107 861 179 899 Sic
205 858 332 896 etiam
354 856 467 909 apud
500 856 699 895 Medicos
729 854 820 894 fieri
853 864 1028 903 notum,
1071 867 1165 891 cum
1200 851 1250 891 de
1280 852 1472 892 febribus
1503 854 1576 890 lo-

108 923 312 969 quuntur.
374 913 448 952 Sic
472 912 659 965 denique
681 911 794 965 apud
814 909 1141 958 Arithmeticos,
1175 908 1501 959 Chronologos,
1532 917 1577 946 et

109 984 217 1024 quos
240 968 360 1008 non?
394 968 459 1011 διά
479 969 595 1010 πέντε
611 983 711 1022 ergo
734 978 820 1016 est,
852 968 986 1022 quinto
1006 982 1179 1020 quoque5
1210 974 1337 1018 atque
1359 964 1463 1004 adeo
1484 978 1578 1018 spa-

107 1029 213 1065 tium
238 1025 535 1065 intermedium
557 1036 737 1079 quatuor.
797 1022 956 1062 Eadem
975 1021 1119 1075 phrasi
1138 1033 1180 1061 et
1202 1021 1251 1061 de
1274 1035 1316 1060 re
1335 1021 1477 1061 eadem
1491 1021 1578 1059 uti-

111 1093 180 1122 tur
202 1083 352 1120 iterum
372 1083 415 1119 in
441 1082 618 1121 Icarom.
637 1096 668 1118 c.
684 1085 752 1124 24.
813 1079 926 1119 Vide
949 1077 1061 1131 apud
1072 1078 1295 1117 Lucicmum
1316 1078 1454 1130 ipsum
1476 1091 1579 1130 qua-

111 1149 211 1178 tuor
243 1152 448 1176 annorum
480 1137 802 1185 determinatum
836 1134 944 1174 illud
971 1135 1152 1188 spatium
1171 1135 1216 1172 in
1244 1136 1314 1173 De
1336 1135 1472 1173 Mort.
1495 1134 1580 1172 Pe-

110 1210 217 1249 regr.
236 1209 268 1236 c,
294 1199 361 1237 20.
424 1195 542 1232 Haec
564 1194 607 1231 in
629 1194 817 1232 tironum
838 1192 1012 1245 gratiam
1035 1191 1176 1229 fusius
1197 1190 1428 1229 enarranda
1454 1189 1578 1228 duxi-

111 1266 226 1291 mus:
260 1266 353 1288 nam
376 1249 488 1304 apud
512 1250 701 1288 eruditos
721 1249 772 1288 de
793 1249 859 1286 his
883 1246 1050 1286 abunde
1073 1256 1254 1286 constat.
1288 1247 1455 1287 SoLAN,

222 1306 326 1351 Eacl,
347 1311 373 1348 l.
397 1312 462 1349 10.
495 1304 751 1358 Προρᾇσεις
767 1307 834 1346 καὶ
850 1299 1186 1357 περιῤῥαντήρια)
1219 1305 1289 1342 De
1309 1301 1377 1340 his
1397 1301 1578 1342 vocibus

113 1363 289 1417 copiose
308 1364 425 1401 alibi.
457 1363 634 1400 Bonan.
699 1358 976 1416 Προῤῥήσεις)
1008 1360 1106 1398 Non
1127 1359 1227 1397 satis
1248 1367 1345 1411 apte
1367 1359 1471 1398 haec
1490 1373 1581 1399 vox

112 1420 211 1459 v'oci
232 1421 392 1473 θέμενοι
410 1419 532 1472 jungi
558 1418 741 1458 videtur.
803 1419 1096 1456 Formularum
1120 1415 1171 1453 ad
1201 1430 1289 1455 eam
1324 1429 1408 1454 rem
1441 1416 1582 1469 parti-

114 1479 229 1514 culas
253 1476 426 1515 exhibet
458 1485 603 1513 noster
632 1476 676 1512 in
701 1475 825 1513 Alex.
849 1489 881 1516 c.
903 1478 970 1517 38.
998 1483 1039 1512 et
1061 1473 1316 1511 Demonact.
1339 1471 1428 1512 Vit.
1453 1487 1489 1511 c.
1508 1477 1579 1516 34.

114 1532 302 1571 Consule
324 1533 492 1572 Mem-sii
511 1532 758 1580 Eleusin‚et
779 1530 952 1569 emenda
967 1528 1252 1568 Philostratnm
1277 1528 1353 1566 vit.
1373 1527 1579 1581 Apollon.

113 1603 156 1642 p.
177 1593 271 1633 155.
293 1588 367 1626 ubi
394 1602 607 1640 perperam
627 1588 786 1641 legitur
804 1586 897 1641 μετὰ
917 1584 1159 1638 πρὸςρησιν,
1192 1599 1268 1637 pro
1290 1582 1385 1637 μετὰ
1404 1583 1584 1638 πρόρῤἠ·

115 1659 192 1687 σιν·
216 1645 331 1698 quod
354 1644 685 1699 diligentissimo
707 1644 863 1683 editori
886 1642 1025 1682 fraudi
1048 1656 1136 1680 esse
1156 1641 1304 1681 nolim.
1336 1640 1445 1694 Quis
1469 1642 1585 1681 enim

116 1703 162 1740 in
196 1711 318 1740 tanto
353 1715 479 1753 opere
503 1714 709 1753 nusquam
733 1700 966 1739 dormitet?
1008 1699 1173 1738 SOLAN.
1233 1698 1489 1750 Προρῤήσεις
1517 1699 1587 1740 καὶ

113 1755 448 1810 περιρᾆντήρια)
480 1757 661 1809 Accipio
685 1756 818 1806 illud,
856 1756 970 1810 quod
994 1753 1146 1793 deinde
1162 1753 1422 1807 Programma
1445 1764 1585 1802 vocat,

118 1815 367 1866 scripturam
391 1814 434 1850 in
457 1812 574 1852 edito
598 1812 886 1865 propositam,
920 1826 1000 1867 qua
1023 1819 1218 1849 arcentur
1238 1812 1439 1862 profani,
1472 1810 1584 1864 ἑκὰς,

117 1870 210 1919 ἑκὰς
233 1879 311 1908 etc.
347 1871 485 1908 Gnss.

229 1924 331 1964 Ead.
354 1929 384 1969 1.
410 1931 475 1968 11.
509 1930 619 1967 Βοῦν
644 1923 858 1978 ἆροτῆρα)
896 1925 968 1963 De
1006 1938 1091 1976 quo
1123 1923 1290 1963 Hesiocl.
1321 1923 1396 1964 lib.
1423 1928 1464 1965 9.
1502 1923 1587 1978 Op.

119 1982 254 2022 Nefas
275 1993 414 2020 autem
436 1982 545 2033 fuit,
578 1994 619 2022 et
642 1983 799 2035 capital
821 1986 912 2034 lege
933 1981 1078 2019 Attica
1103 1980 1255 2019 bovem
1280 1991 1484 2020 aratorem
1511 1995 1588 2020 ne-

120 2053 213 2077 care
233 2041 300 2076 vel
322 2048 517 2079 mactate.
583 2040 703 2078 Varr.
725 2054 761 2079 c.
782 2043 821 2083 5.
845 2039 918 2078 lib.
939 2043 979 2081 2.
1004 2036 1053 2075 de
1073 2052 1115 2076 re
1133 2037 1255 2078 Rust.
1278 2036 1375 2077 dico
1399 2037 1451 2076 ad
1472 2037 1589 2077 Pau-

117 2111 203 2133 san.
233 2094 410 2134 Bounn.

231 2150 334 2190 Εαᾶ.
356 2154 382 2188 l·
410 2156 469 2195 13.
522 2150 699 2204 Φιλήσας
729 2176 783 2181 -
813 2149 976 2206 δεξιὰν)
1018 2152 1251 2190 Germanus
1286 2150 1359 2189 hic
1390 2149 1591 2189 adorandi

118 2207 251 2256 ritus,
286 2221 409 2260 quem
433 2207 501 2245 hic
522 2219 618 2260 post
638 2210 742 2247 alios
777 2210 915 2246 fusius
941 2208 1140 2262 prosequi
1173 2222 1257 2245 non
1280 2206 1409 2246 lubet.
1433 2207 1484 2245 V.
1518 2209 1590 2246 De

120 2264 272 2306 Saltat.
293 2278 327 2302 e.
344 2268 408 2306 17.
434 2264 561 2317 Apul.
574 2265 716 2305 Miles.
731 2266 803 2304 IV.
818 2275 858 2303 et
880 2265 922 2302 in
938 2267 1062 2315 Apol.
1077 2275 1117 2303 et
1132 2264 1386 2306 Salmas-ium,
1420 2264 1587 2305 SOLAN.

124 2320 193 2360 Cf.
219 2320 345 2359 etiam
369 2321 530 2359 Amorr.
555 2336 589 2361 c.
616 2328 679 2364 13.
716 2322 789 2375 qui
815 2324 934 2359 locus
957 2321 1081 2358 simul
1101 2330 1243 2360 tuetur
1263 2321 1488 2359 lectionem
1514 2334 1590 2358 no-

123 2377 224 2425 stri,
258 2374 409 2426 αὐτοῦ,
441 2391 516 2428 pro
548 2393 626 2431 qua
661 2378 811 2416 maluit
839 2377 1002 2416 Rclzimas
1029 2374 1175 2422 αὑτοῦ,
1216 2379 1284 2415 vel
1316 2378 1489 2427 ἑαυτοῦ,
1523 2377 1589 2415 uti

124 2446 221 2471 vere
245 2432 401 2472 babent
422 2432 505 2471 duo
529 2433 649 2472 codd.
669 2434 819 2472 Pariss.
853 2435 1010 2471 LEHM.

236 2488 340 2528 Ead.
362 2492 387 2527 l.
412 2492 474 2533 15.
515 2490 564 2531 Τὸ
587 2489 712 2541 ζῶον)
752 2492 879 2540 Quam
905 2488 1134 2537 immolavit,
1168 2492 1382 2530 victimam.
1414 2490 1557 2531 Bnon.

240 2545 340 2597 Pag.
363 2549 476 2589 86.1.
502 2553 539 2589 1.
569 2543 764 2601 Ἐντελὲς)
799 2548 986 2585 Consule
1014 2546 1242 2584 Only-amum
1265 2561 1302 2598 p.
1330 2552 1419 2590 102.
1442 2548 1589 2586 Athen.

125 2604 225 2643 674.
249 2601 294 2639 F.
351 2597 618 2655 Ἀριστοτέλης
639 2599 678 2644 δ’
702 2605 743 2644 ἐν
770 2608 826 2659 τῷ
847 2606 1068 2656 Συμποσίῳ
1105 2605 1251 2653 φησὶν,
1295 2600 1352 2644 ὅτι
1381 2599 1497 2645 οὐδὲν
1524 2621 1591 2644 κο-

127 2655 248 2710 λοβὸν
272 2661 551 2713 προςφέρομεν
569 2658 670 2711 πρὸς
691 2659 786 2708 τούς
814 2659 963 2709 θεοὺς,
997 2657 1091 2700 ἀλλὰ
1109 2661 1233 2700 τέλεια
1253 2661 1319 2700 καὶ
1354 2658 1444 2702 ὅλα·
1477 2658 1520 2701 τὸ
1549 2660 1592 2700 ὁὲ

127 2719 275 2767 πλῆρες
293 2712 440 2756 τέλειόν
459 2718 533 2757 ἐστι
551 2732 559 2740 ·
592 2716 635 2758 τὸ
658 2718 698 2757 ὸὲ
716 2718 896 2768 στέφειν,
927 2715 1131 2769 πλήρωσίν
1150 2732 1236 2757 τινα
1258 2719 1451 2769 σημαίνει.
1499 2717 1591 2756 So—

131 2784 232 2809 LAN.
292 2770 416 2811 Certe
440 2774 598 2825 στέφειν
622 2787 699 2827 pro
724 2773 893 2826 implere
917 2775 1041 2813 etiam
1065 2772 1188 2812 Ηονη.
1215 2773 1265 2813 Il.
1287 2779 1347 2823 A,
1372 2779 1467 2817 470.
