1781 3174
473 197 549 229 ιΝ
621 195 1102 233 οΗΛΒοΝΕΜ.
1416 191 1514 237 427

59 296 126 337 καὶ
151 294 194 338 ἔν
222 292 354 354 αγορᾷ
381 294 684 350 φθεγγομένους
711 293 807 348 μετὰ
826 300 975 348 πολλῆς
999 296 1240 348 ἐλευθερίας.
1299 297 1516 339 Perfacete

60 339 341 407 Stratonicus,
365 362 414 391 ut
438 362 526 392 erat
547 351 706 389 homo
694 365 885 404 jocorum
908 356 1073 405 plenus,
1100 352 1211 406 apud
1225 353 1372 394 Athen.
1391 356 1514 398 V.III

62 422 104 461 P·
126 412 221 452 350.
241 410 294 448 A.
328 424 420 447 cum
447 406 738 447 citharoedum
771 409 876 448 scite
908 409 1172 461 prooemium
1199 410 1408 464 quoddam
1439 427 1517 450 ca—

61 473 229 504 nentem
258 464 514 514 audivisset,
545 464 708 516 reliqua
738 479 838 504 vero
871 479 958 503 non
986 479 1117 518 aeque
1150 466 1368 506 commode
1398 482 1516 519 pera·

62 531 252 587 gentem,
283 519 457 570 ἀναστὰς
487 518 698 573 ἐκήρυξεν,
731 517 814 569 ὃς
798 539 847 562 αν
867 519 1126 588 καταμηνύσῃ
1147 521 1216 564 τὸν
1236 522 1278 565 τὸ
1302 527 1517 577 προοίμιον

62 574 213 617 ἅσαντα
239 572 494 631 κιθαρῳδὸν,
522 576 694 629 λήψεται
719 580 842 630 χιλίας
872 576 1059 630 δρα-κμας.
1120 580 1372 633 Exemplum
1396 585 1517 631 ejus-

60 632 176 671 modi
201 635 423 685 praeconis
456 633 583 673 habes
616 634 660 670 in
689 634 863 673 Petronii
891 649 922 672 c
943 639 1009 676 97.
1041 635 1139 686 ubi,
1174 636 1247 689 qui
1283 636 1361 682 hac
1392 635 1441 676 de
1472 651 1517 676 re

59 688 325 740 scripserint,
357 693 513 729 multos
544 689 754 729 indicavit
775 690 987 731 Erlmrdus.
1027 692 1209 730 Hm1s'r.
1268 691 1517 746 Lepidissi-

59 759 125 785 me
144 745 369 799 Propertius
389 747 479 797 III,
502 753 568 790 22.
596 745 667 783 fin.
686 746 748 790 de
768 747 924 785 tabulis
947 749 1032 785 suis
1050 747 1252 800 pe1ditis:

278 802 393 857 Quas
413 803 450 841 si
475 804 570 857 quis
590 801 697 840 mihi
719 804 951 852 rettulerit,
985 803 1214 842 donabitur
1236 819 1354 858 auro,

333 858 441 912 Quis
474 874 550 913 pro
578 858 743 898 divitiis
768 859 884 914 ligna
915 869 1076 900 retenta
1099 860 1239 898 velit?

278 916 302 955 I
326 930 454 969 puer,
487 927 528 956 et
549 916 658 955 citus
681 915 782 955 haec
803 916 944 970 aliqua
972 931 1163 970 propone
1185 919 1403 957 columna:

334 974 391 1011 Et
413 971 630 1012 dominum
653 973 870 1027 Exquiliis
895 972 1031 1012 scribe
1052 972 1245 1012 habitare
1272 983 1405 1013 tuum.

1250 1031 1349 1069 Li-:n
1358 1047 1407 1072 M.

173 1111 276 1152 nid.
301 1109 419 1155 ‘Two
444 1119 519 1155 τοῦ
547 1113 646 1162 Διὸς
664 1123 740 1154 etc.
754 1117 775 1163 )
807 1113 980 1153 Video
968 1129 1011 1151 in
1034 1113 1288 1152 membranis
1307 1116 1518 1186 Flprenti-

61 1167 128 1206 nis
150 1182 226 1220 pro
249 1166 327 1211 ὖπὸ
343 1175 418 1211 τοῦ
431 1170 536 1234 'Atos
556 1172 605 1209 ab
626 1170 793 1210 erudito
814 1170 995 1237 quodam
1018 1171 1110 1208 vilo
1133 1180 1323 1208 notatum
1348 1190 1427 1213 ειη-υ
1448 1178 1521 1214 τοῦ

60 1221 173 1272 Διός.
220 1225 301 1264 Sed
323 1226 366 1264 id
386 1227 558 1266 minime
582 1241 710 1279 opus,
736 1241 830 1264 cum
850 1223 930 1267 ὑπὸ
950 1232 1023 1267 τοῦ
1035 1225 1141 1274 ’Διὸς
1165 1226 1216 1264 ad
1238 1245 1277 1268 m
1278 1226 1519 1280 γούττεσθαι,

61 1295 148 1319 non
175 1281 224 1319 ad
242 1279 487 1333 αποδράντα,
506 1284 561 1321 sit
583 1281 861 1321 refetendum.
897 1283 1117 1321 Caeterum
1139 1282 1253 1320 aliud
1277 1283 1393 1335 quid,
1419 1287 1519 1336 ἕιιοι-

59 1353 101 1391 γε
121 1340 273 1389 δοκεῖν,
298 1338 368 1378 hic
393 1342 509 1378 latet.
552 1340 602 1378 In
627 1338 908 1377 anterimibus
929 1349 1097 1392 rogarat
1121 1340 1386 1377 Mercurium
1411 1341 1520 1380 Cha-

57 1404 159 1443 101⁴,
182 1404 230 1432 ut
252 1394 334 1433 sibi
358 1396 520 1446 omnia,
546 1409 653 1449 quae
673 1394 717 1432 in
742 1394 855 1433 vivis
878 1405 1017 1434 essent
1039 1410 1085 1433 ac
1107 1406 1346 1449 agerentur,
1380 1410 1520 1436 osten·

59 1448 186 1491 deret.
245 1452 485 1490 LMercurius
507 1461 737 1497 caussatus,
761 1451 844 1489 sibi
866 1461 1029 1489 tantum
1051 1451 1163 1489 haud
1185 1466 1402 1504 superesse
1424 1455 1520 1502 otii,

60 1505 219 1560 quippe
242 1507 311 1546 cui
344 1523 432 1546 uno
465 1507 533 1547 die
556 1522 641 1546 non
666 1508 846 1560 amplius
876 1508 1023 1546 licezet
1054 1522 1174 1561 agere
1196 1508 1307 1560 apud
1330 1524 1518 1572 superos⁷

58 1561 170 1602 hanc
200 1575 337 1603 autem
360 1579 444 1603 rem
467 1579 553 1603 non
577 1564 706 1602 unius
728 1577 817 1602 esse
848 1562 956 1616 diei3
989 1578 1133 1602 verum
1156 1579 1197 1603 se
1225 1580 1304 1602 arni
1314 1567 1349 1603 ci
1377 1582 1522 1606 caussa

59 1623 240 1658 multum
261 1623 390 1668 velle3
423 1636 508 1660 non
531 1631 668 1660 tamen
690 1635 733 1659 se
749 1621 889 1659 omnia
912 1630 1197 1667 ostensu1·;um
1231 1625 1386 1661 multos
1409 1625 1521 1662 euim

60 1676 113 1715 ad
138 1676 182 1714 id
212 1677 369 1731 requiri
393 1692 546 1716 annos:
579 1677 717 1730 pergit
749 1677 791 1713 in
815 1676 953 1715 verbis
979 1677 1136 1714 Graece
1162 1677 1339 1727 positis,
1372 1679 1523 1718 Deinde

60 1733 111 1772 ab
139 1733 233 1772 Jove
258 1733 501 1786 proclamati
529 1751 587 1772 me
617 1733 805 1786 oportebit
831 1743 1018 1785 tanquam
1037 1732 1281 1786 surrilivum:
1314 1745 1348 1772 te
1372 1752 1524 1790 quoque

60 1792 187 1843 ipsum
204 1789 247 1827 id
266 1789 464 1842 impediet,
499 1806 574 1843 quo
593 1792 721 1827 minus
747 1791 883 1827 mortis
905 1790 1039 1826 munia
1059 1791 1309 1841 eoesequaris‚
1340 1803 1374 1829 et
1395 1809 1523 1844 impe—-

60 1848 163 1883 rium
184 1845 362 1884 Plutonis
388 1845 532 1884 damno
554 1846 733 1900 afficias,
768 1844 883 1895 longo
907 1854 1072 1895 tempore
1094 1844 1224 1883 nullos
1248 1824 1388 1885 clu’ccns
1409 1865 1524 1886 mor—-

62 1912 168 1939 tuos:
195 1900 431 1953 publicanus
453 1917 604 1955 quoque
619 1900 778 1939 Aeacus
800 1899 1069 1952 indignabitur
1078 1931 1089 1949 ,
1125 1917 1170 1938 ne
1193 1901 1349 1941 obolum
1371 1905 1526 1957 quidem

62 1956 236 1996 Ζιιοιαηε.
298 1959 356 1995 At
376 1958 478 2010 quid
501 1956 615 1995 hoc?
655 1957 719 1993 An
741 1957 822 1994 ista
844 1970 957 1994 mora
980 1966 1021 1994 et
1044 1958 1222 1995 cessatio
1247 1958 1296 1995 ab
1320 1959 1524 2012 imposito

64 2012 319 2067 quotidiano
344 2028 517 2053 munere
539 2012 784 2064 prohibebit
807 2011 1088 2062 Charontem‚
1123 2014 1354 2052 Plutonis
1343 2017 1524 2068 impelio

66 2069 263 2108 damnum
284 2070 471 2109 1nfe1re‘2
531 2069 686 2122 Neque
710 2068 822 2107 enim
846 2067 996 2116 video,
1032 2070 1106 2122 qui
1127 2069 1249 2109 aliter
1271 2069 1372 2110 haec
1396 2073 1525 2140 Grae-

66 2140 136 2173 ca,
170 2126 210 2167 σὲ
231 2127 298 2167 καὶ
321 2122 443 2166 αυτὸν
469 2143 541 2167 κω
533 2123 640 2167 .ύσει
665 2126 835 2189 ἐνεργεῖν
861 2125 909 2165 τὰ
926 2130 999 2166 τοῦ
1016 2125 1198 2167 θανάτου
1224 2128 1336 2181 ἔργα,
1368 2131 1435 2169 καὶ
1454 2128 1527 2180 τήν

67 2181 313 2231 Πλούτωνος
344 2200 471 2236 αρχην
494 2186 683 2235 ζηιιιοῦν,
715 2181 880 2234 possint
914 2180 1114 2235 intelligi.
1175 2184 1232 2220 At
1264 2185 1525 2225 contrarium

66 2239 262 2292 profecto
285 2248 373 2277 erat
397 2249 671 2277 eventurum:
707 2238 875 2276 scilicet
894 2240 961 2275 vel
981 2240 1207 2276 maximum
1229 2241 1526 2280 eratPlutonis

63 2309 196 2349 reguo
220 2294 414 2333 damnum
440 2296 661 2343 illaturus,
694 2295 768 2346 qui
791 2304 873 2331 tam
897 2296 1027 2347 longo
1053 2305 1241 2347 tempore
1262 2300 1402 2335 nullos
1428 2297 1527 2336 duc-

68 2359 185 2389 turus
215 2361 322 2391 esset
340 2362 543 2390 mortuos.
586 2351 652 2388 An
679 2349 839 2389 excidit
864 2350 1071 2403 particula
1092 2348 1157 2399 οἷς,
1179 2352 1524 2406 legendumque?

68 2405 112 2448 σὲ
143 2407 185 2448 δὲ
212 2409 276 2449 καὶ
303 2405 426 2449 αὐτὸν
453 2405 618 2448 κωλύσει.
648 2408 820 2461 ἐνεργεῖν
848 2406 895 2447 τὰ
917 2423 987 2446 του
1020 2406 1203 2449 θανάτου
1235 2410 1352 2461 ἔργα,
1385 2407 1436 2458 ὥς
1459 2412 1527 2452 καὶ

66 2461 141 2513 τὴν
178 2462 421 2512 Πλούτωνος
445 2461 572 2517 ἀρχὴν
609 2466 794 2516 ζημιοῦν,
835 2473 875 2501 ut
909 2462 1052 2501 damno
1082 2466 1197 2502 ctiam
1229 2466 1442 2520 qffbcturus
1472 2470 1527 2507 sis

69 2518 279 2559 Plutonis'
265 2523 476 2574 imperium
538 2519 718 2560 Videtur
741 2518 784 2557 id
810 2519 993 2558 maxime
1018 2534 1116 2559 vero
1141 2520 1291 2560 simile.
1341 2522 1465 2563 Jnms.

184 2601 286 2642 Εαίῖ·
303 2605 331 2643 l
348 2609 413 2647 11.
447 2605 529 2646 Καὶ
547 2602 618 2673 τὴν
640 2608 769 2645 Ista
759 2600 997 2656 ’.ζημιοῦν)
1029 2603 1181 2643 Jensius
1213 2604 1420 2646 excidisse
1450 2624 1526 2661 pu-

70 2668 134 2699 tat
157 2657 230 2710 ὥς,
260 2669 302 2699 et
323 2660 544 2715 legendum
579 2658 633 2709 ὦς
667 2662 733 2702 καὶ
761 2669 840 2699 etc.
899 2659 1053 2698 Verum
1079 2660 1285 2713 ejusmodi
1317 2663 1526 2702 incuriam

71 2715 185 2770 apud
220 2715 404 2770 optimos
440 2730 628 2772 quosque
657 2717 882 2770 scziptores
914 2714 1124 2755 inte1dum
1154 2717 1360 2771 repeiias:
1391 2735 1528 2776 neque
