1781 3174
188 216 287 264 562
538 223 1307 257 ADNOTATAONES

189 327 451 377 advolabant,
495 338 584 364 non
611 337 661 363 eo
697 320 868 375 quidem
905 319 1112 371 consilio,
1163 329 1211 358 ut
1236 322 1349 360 illam
1384 323 1658 372 vulnerarem,

193 387 306 426 ohne
338 387 418 424 mir
449 379 602 437 gerade
633 381 781 418 Etwas
811 393 863 416 zu
895 377 1074 418 denken.
1135 378 1377 417 Eorundem
1402 379 1535 418 Diall.
1559 379 1656 426 XX,

191 450 258 492 3.‚
291 456 411 496 quem
445 443 584 478 locum
615 435 789 475 Solam-us
821 433 972 482 adfert,
1007 434 1164 480 eadem,
1199 449 1307 488 quae
1339 434 1423 485 hic,
1449 435 1658 474 verbale-

194 508 378 554 guntur,
412 495 463 534 ad
487 508 593 547 quae
623 492 712 532 vid.
735 491 1000 531 Hemsterlzus.
1024 491 1283 530 commodam
1308 490 1464 532 Adnot.
1484 493 1656 531 Timon,

194 571 229 599 c,
258 561 325 600 23.
357 552 575 606 legebatur
606 549 706 588 olim
740 546 859 595 ἄλλος
893 562 967 600 pro
1000 547 1139 596 iilam.
1198 548 1482 588 Restituimus
1517 558 1658 587 autem

194 612 406 666 egregiam
430 610 478 648 T.
504 605 626 644 Fabri
655 604 1005 645 emendationem.
1048 606 1205 643 Lnnm.

309 677 411 729 Pag.
435 678 527 719 151.
551 676 580 714 1.
603 679 641 717 6.
669 671 776 714 Ἀπὸ
799 678 874 714 τοῦ
895 677 1018 724 φιλῶ)
1048 673 1149 712 Non
1173 682 1316 726 potest
1340 675 1499 712 Latina
1522 673 1660 712 versio

194 735 309 774 hunc
339 736 482 771 locum
521 730 717 783 adsequi:
763 744 899 783 neque
929 729 1040 768 enim
1068 730 1248 768 formare
1277 731 1376 769 licet
1408 730 1658 783 composita,

196 805 305 844 quae
325 789 391 828 his
412 803 433 827 a
454 802 570 841 μισο,
604 790 672 826 vel
691 801 713 825 a
738 791 832 837 φιλο
854 785 1165 838 incipientibus
1189 786 1486 838 respondeant.
1522 787 1657 826 Grex.

196 846 312 901 Quid
340 855 480 884 autem
508 844 552 882 in
585 843 664 882 hac
697 841 912 881 scribendi
936 844 1101 881 ratione
1130 843 1298 881 insoliti
1325 843 1450 891 insit,
1484 842 1596 895 quod
1619 857 1659 881 se

196 903 390 942 invenire
416 902 459 938 in
479 916 524 940 ea
548 900 705 939 fatetur
728 900 776 938 T.
796 898 841 937 F.
863 898 1109 947 Benedictus,
1143 898 1339 950 equidem
1363 913 1447 938 non
1469 899 1660 938 invenio.

193 961 286 999 Imo
309 957 655 1011 frequentissima
687 955 791 995 haec
815 965 875 994 est
898 970 984 993 non
1017 958 1151 994 solum
1177 956 1555 994 Grammaticorum
1581 969 1662 1007 po-

195 1015 437 1064 steriorum,
468 1012 540 1052 sed
564 1013 689 1051 etiam
716 1011 974 1064 optimorum
997 1011 1248 1064 scriptorum
1271 1013 1528 1061 Atticorum,
1561 1011 1662 1050 Pla-

195 1073 311 1122 rom's,
333 1069 607 1124 Xenophontis
628 1083 663 1107 e.
688 1082 726 1108 a.
748 1068 871 1107 ratio.
932 1067 1061 1121 Quod
1080 1078 1219 1107 autem
1244 1083 1319 1121 pro
1342 1067 1545 1121 ‹piloilegi
1569 1071 1664 1106 vult

197 1132 343 1181 φίλου,
387 1142 440 1166 ne
464 1126 598 1164 menti
631 1124 802 1178 quidem
832 1125 1009 1163 Luciani
1041 1124 1176 1177 ipsius
1208 1124 1253 1163 id
1286 1126 1558 1175 convenerit,
1589 1124 1662 1179 qui

197 1187 343 1238 paullo
373 1192 472 1237 post
497 1181 627 1221 verbo
657 1186 716 1238 τῷ
732 1186 935 1234 φιλεῖσθαι
965 1182 1193 1220 manifesto
1225 1181 1434 1231 ostendit,
1465 1194 1509 1220 se
1539 1194 1663 1219 voces

199 1239 452 1292 φιλαλήθης,
484 1235 716 1290 φιλόκαλος,
750 1247 792 1277 et
812 1249 971 1277 ceteras
995 1237 1180 1291 ejusdem
1203 1238 1363 1287 classis,
1397 1252 1483 1276 non
1507 1237 1558 1275 ab
1580 1236 1665 1275 Ad-

198 1297 361 1352 jectivo
383 1298 521 1349 φίλος,
553 1294 624 1334 sed
645 1309 668 1333 a
691 1293 818 1333 verbo
842 1299 995 1347 φιλεῖν,
1028 1292 1181 1333 deduci
1204 1297 1325 1334 velle.
1367 1295 1525 1333 LEIIM.

315 1374 418 1414 Easl.
439 1376 467 1414 l.
492 1380 556 1417 13.
591 1374 670 1414 Καὶ
685 1371 790 1421 τάδε,
816 1374 930 1426 φασὶ,
952 1374 1019 1414 καὶ
1040 1370 1155 1422 τάδε)
1187 1373 1372 1412 Dixerat
1392 1373 1606 1423 Lucianus,
1621 1387 1664 1411 se

203 1432 417 1485 duplicem
445 1430 550 1468 scire
576 1440 727 1478 artem,
759 1444 803 1469 se
832 1444 920 1469 esse
942 1427 1196 1482 μιςαλαζὸνα,
1229 1432 1458 1482 μισοψευᾶῆ
1483 1439 1561 1468 etc.
1582 1428 1634 1466 ad

203 1489 288 1539 dit,
319 1501 363 1526 se
393 1486 548 1536 vereri,
582 1500 634 1525 ne
666 1488 838 1530 alteram
869 1500 969 1538 prae
1000 1486 1181 1540 segnitie
1205 1485 1461 1534 dedisceret,
1494 1488 1663 1524 alteram

202 1559 305 1585 vero
335 1543 485 1583 melius
525 1541 781 1581 addisceret:
823 1541 875 1580 ad
904 1556 1009 1597 quae
1036 1541 1338 1595 Philosophia,
1380 1542 1449 1582 καὶ
1481 1540 1558 1594 μὴν
1590 1537 1666 1582 οὐκ

201 1604 334 1655 ἐχρῆν,
368 1604 443 1640 τοῦ
463 1597 537 1653 γὰρ
558 1596 685 1640 αὐτοῦ
709 1600 775 1639 καὶ
793 1597 897 1646 τάδε,
922 1600 1034 1650 φασὶ,
1059 1600 1126 1639 καὶ
1149 1597 1253 1639 τάδε.
1285 1598 1522 1651 Interpres:
1556 1601 1667 1652 atqui

203 1675 281 1698 non
301 1655 528 1710 oportebat:
557 1655 724 1709 ejusdem
744 1658 857 1702 enim,
873 1655 1030 1708 strunt,
1055 1672 1131 1693 esse
1150 1665 1184 1693 ct
1206 1654 1280 1694 illa
1303 1665 1337 1693 ct
1353 1657 1444 1693 ista.
1502 1654 1570 1692 Ita
1593 1654 1665 1693 ille

200 1711 429 1757 intellexit,
465 1713 586 1764 quasi
606 1711 766 1750 diceret
786 1711 1081 1763 Philosophia,
1102 1714 1142 1752 οἵ
1159 1708 1373 1761 ἄνθρωποί
1392 1724 1504 1762 φασι,
1521 1711 1665 1764 serunt

198 1771 390 1816 homines,
423 1778 456 1806 et
486 1771 563 1807 ista
591 1779 626 1807 et
658 1767 733 1813 illa
761 1785 838 1808 esse
862 1767 1040 1821 ejusdcm.
1102 1766 1186 1808 Sed
1207 1765 1300 1808 τάδε
1325 1775 1386 1805 est
1407 1766 1665 1806 nominativi

199 1841 334 1873 casus,
369 1833 412 1862 et
436 1824 562 1864 verba
587 1825 647 1863 sic
671 1823 954 1863 construenda
978 1833 1097 1862 sunt:
1129 1825 1194 1864 καὶ
1217 1822 1309 1865 τάδε
1329 1823 1396 1863 καὶ
1417 1823 1522 1870 τάδε,
1553 1824 1667 1872 φασὶ,

198 1888 271 1924 τοῦ
299 1877 442 1931 αὐτοῦ,
476 1882 567 1919 scil.
605 1877 828 1935 ἀνθρώπου
861 1879 985 1930 εἶναι,
1019 1881 1060 1919 h.
1082 1895 1118 1921 e.
1154 1881 1316 1919 Etlzaec
1343 1890 1376 1918 ei
1393 1880 1467 1919 illa
1488 1879 1667 1919 indicant

199 1939 367 1992 ejusdem
389 1937 557 1976 hominis
583 1939 671 1979 scil,
694 1947 846 1987 artem,
879 1941 945 1975 vel
968 1938 1216 1991 ingenium,
1250 1936 1293 1976 h.
1319 1950 1352 1977 e.
1380 1937 1451 1990 qui
1470 1947 1666 1989 μισοψευ-

199 1994 273 2047 δὴς
293 2005 377 2043 est‚
411 1995 484 2032 ille
518 1994 676 2046 pariter
703 2003 766 2033 est
802 1991 1043 2046 φιλαλήθης.
1106 1993 1192 2047 Qui
1225 1992 1317 2032 odit
1345 1993 1524 2041 vitium,
1558 2002 1668 2030 amat

199 2053 400 2091 virtutem
425 2050 681 2102 oppositam,
712 2064 837 2104 quare
860 2064 959 2088 mox
984 2049 1116 2097 addit,
1146 2052 1215 2103 μία
1232 2047 1306 2104 γάρ
1330 2050 1431 2090 ἐστιν
1453 2049 1564 2097 (scil.
1588 2050 1668 2102 τέχ-

200 2109 279 2161 νη)
311 2105 377 2149 δύ’
402 2105 505 2148 εἶναι
536 2109 745 2148 δοκοῦσαι.
785 2107 1004 2146 VrrmNG.
1064 2105 1128 2144 Ad
1166 2106 1269 2145 haec
1303 2105 1518 2159 Seybolclus
1549 2115 1670 2143 nota-

199 2165 288 2203 vit:
321 2162 558 2214 „Dubit0‚
593 2178 643 2201 an
672 2162 776 2202 haec
804 2177 901 2202 vere
926 2163 1074 2202 Hor-at.
1107 2163 1314 2214 Vin-ingo.-
1346 2165 1478 2199 multo
1498 2161 1670 2213 simpli-

201 2221 293 2260 cius
312 2220 506 2259 videtur:
538 2229 766 2274 utrumque
795 2223 865 2271 (et
891 2233 1026 2258 amare
1055 2227 1096 2258 et
1124 2217 1289 2272 odisse)
1320 2217 1504 2270 ejusdem
1527 2217 1668 2254 homi-

201 2277 270 2315 nis
290 2285 364 2317 est.
431 2275 535 2317 Φασὶ
556 2276 666 2313 enim
689 2276 857 2328 saepius
882 2272 1122 2329 περιφράσει
1145 2275 1320 2317 servit,“
1379 2273 1668 2324 Plconasmum,

204 2332 290 2371 nisi
316 2333 466 2383 fallor,
501 2331 646 2370 innuit
667 2330 904 2386 Seyholclus3
936 2331 1007 2371 sed
1029 2347 1161 2385 neque
1182 2331 1263 2368 hoc
1283 2339 1416 2368 recte:
1451 2343 1545 2366 nam
1572 2333 1672 2378 φασὶ,

201 2398 325 2427 notat
355 2386 555 2441 vulgarem.
579 2402 809 2439 sermonem,
842 2388 949 2442 qnod
976 2388 1092 2440 vulgo
1118 2390 1239 2441 ajunt.
1300 2386 1447 2424 Cetera
1483 2384 1672 2440 quboldi

203 2455 318 2485 recte
341 2444 511 2486 habent.
544 2445 775 2498 Argutatus
799 2446 912 2484 enim
935 2445 1163 2483 manifesto
1187 2452 1249 2481 est
1278 2442 1477 2493 Viti-iuga
1508 2442 1666 2483 Lssnm.

315 2519 417 2562 Εαίῖ.
444 2526 471 2565 l.
497 2525 562 2567 14·
600 2521 660 2565 To}
689 2524 831 2577 τέχνα)
863 2523 933 2564 Sic
967 2522 1078 2562 Edd.
1109 2521 1152 2562 P.
1187 2522 1228 2562 S.
1258 2520 1302 2559 F.
1336 2529 1375 2558 et
1408 2520 1492 2562 Ms,
1525 2521 1572 2561 P.
1596 2520 1669 2561 sed

205 2578 313 2618 Juni.
332 2578 379 2620 τὰ
397 2580 529 2633 τέχνα,
564 2581 613 2618 ad
638 2584 831 2635 vulgares
855 2579 1228 2618 Grammaticorum
1250 2590 1431 2614 canones
1453 2577 1667 2618 usitatius,

203 2635 296 2673 Nos
318 2650 417 2674 vero
439 2637 555 2687 prius
577 2637 879 2690 praetulimus,
912 2651 998 2675 nou
1022 2633 1135 2687 quod
1161 2647 1234 2684 per
1254 2632 1570 2686 heterogeniam
1593 2636 1668 2671 At-

203 2690 305 2729 ticis
332 2691 585 2744 peculiarem
618 2693 691 2745 (de
714 2707 795 2745 qua
818 2693 905 2732 vid.
920 2693 1129 2733 Mantairc
1148 2689 1197 2728 de
1220 2688 1385 2730 dialect.
1412 2704 1452 2741 p.
1476 2695 1541 2733 37.
1563 2691 1668 2736 etc.)

204 2746 459 2788 femininum
479 2763 634 2790 nomen
656 2749 890 2790 masculino
911 2761 1063 2805 genere
1082 2755 1329 2799 usurpatum
1347 2745 1425 2793 εἰη
1457 2745 1529 2786 sed
1551 2745 1666 2799 quod
