<?xml version="1.0" encoding="UTF-8"?>
<!DOCTYPE html PUBLIC "-//W3C//DTD XHTML 1.0 Transitional//EN"
    "http://www.w3.org/TR/xhtml1/DTD/xhtml1-transitional.dtd">
<html xmlns="http://www.w3.org/1999/xhtml" xml:lang="en" lang="en">
 <head>
  <title>
</title>
<meta http-equiv="Content-Type" content="text/html;charset=utf-8" />
  <meta name='ocr-system' content='tesseract 3.04.00' />
  <meta name='ocr-capabilities' content='ocr_page ocr_carea ocr_par ocr_line ocrx_word'/>
</head>
<body>
  <div class='ocr_page' id='page_1' title='image "./operagraeceetlat03luciuoft_0719.png"; bbox 0 0 1781 3174; ppageno 0'>
   <div class='ocr_carea' id='block_1_1' title="bbox 467 171 1570 218">
    <p class='ocr_par' dir='ltr' id='par_1_1' title="bbox 467 171 1570 218">
     <span class='ocr_line' id='line_1_1' title="bbox 467 171 1570 218; baseline 0.006 -7"><span class='ocrx_word' id='word_1_1' title='bbox 467 179 521 211; x_wconf 80' lang='lat' dir='ltr'><strong>m</strong></span> <span class='ocrx_word' id='word_1_2' title='bbox 552 179 619 210; x_wconf 76' lang='lat' dir='ltr'>DE</span> <span class='ocrx_word' id='word_1_3' title='bbox 654 179 890 212; x_wconf 67' lang='lat' dir='ltr'><strong>mmmmm</strong></span> <span class='ocrx_word' id='word_1_4' title='bbox 927 179 1211 213; x_wconf 69' lang='lat' dir='ltr'>coxnucris.</span> <span class='ocrx_word' id='word_1_5' title='bbox 1470 171 1570 218; x_wconf 85' lang='lat'>679</span> 
     </span>
    </p>
   </div>
   <div class='ocr_carea' id='block_1_2' title="bbox 83 279 1573 2767">
    <p class='ocr_par' dir='ltr' id='par_1_2' title="bbox 91 279 1572 899">
     <span class='ocr_line' id='line_1_2' title="bbox 101 279 1570 332; baseline 0.001 -12"><span class='ocrx_word' id='word_1_6' title='bbox 101 281 206 321; x_wconf 84' lang='lat' dir='ltr'>hinc</span> <span class='ocrx_word' id='word_1_7' title='bbox 233 279 506 320; x_wconf 82' lang='lat' dir='ltr'>vehementer</span> <span class='ocrx_word' id='word_1_8' title='bbox 540 287 715 332; x_wconf 82' lang='lat' dir='ltr'><strong>torquet</strong></span> <span class='ocrx_word' id='word_1_9' title='bbox 745 279 985 319; x_wconf 77' lang='lat' dir='ltr'>Lucianum.</span> <span class='ocrx_word' id='word_1_10' title='bbox 1044 279 1206 319; x_wconf 78' lang='lat' dir='ltr'>Melior</span> <span class='ocrx_word' id='word_1_11' title='bbox 1233 279 1443 328; x_wconf 75' lang='lat' dir='ltr'>Erasmus,</span> <span class='ocrx_word' id='word_1_12' title='bbox 1481 296 1570 322; x_wconf 81' lang='lat' dir='ltr'>cum</span> 
     </span>
     <span class='ocr_line' id='line_1_3' title="bbox 98 336 1573 393; baseline 0.001 -15"><span class='ocrx_word' id='word_1_13' title='bbox 98 355 177 378; x_wconf 82' lang='lat' dir='ltr'>non</span> <span class='ocrx_word' id='word_1_14' title='bbox 206 336 350 377; x_wconf 80' lang='lat' dir='ltr'>insulse</span> <span class='ocrx_word' id='word_1_15' title='bbox 371 352 484 389; x_wconf 82' lang='lat' dir='ltr'>super</span> <span class='ocrx_word' id='word_1_16' title='bbox 509 351 605 375; x_wconf 82' lang='lat' dir='ltr'>com</span> <span class='ocrx_word' id='word_1_17' title='bbox 609 338 728 374; x_wconf 75' lang='lat' dir='ltr'>L&#39;zium</span> <span class='ocrx_word' id='word_1_18' title='bbox 760 336 924 376; x_wconf 68' lang='lat' dir='ltr'>dicteria</span> <span class='ocrx_word' id='word_1_19' title='bbox 944 338 1137 392; x_wconf 69' lang='lat' dir='ltr'>quaenam</span> <span class='ocrx_word' id='word_1_20' title='bbox 1153 340 1307 391; x_wconf 75' lang='lat' dir='ltr'>jecisset</span> <span class='ocrx_word' id='word_1_21' title='bbox 1327 340 1468 388; x_wconf 80' lang='lat' dir='ltr'>ineos,</span> <span class='ocrx_word' id='word_1_22' title='bbox 1501 341 1573 393; x_wconf 61' lang='lat' dir='ltr'>qm*</span> 
     </span>
     <span class='ocr_line' id='line_1_4' title="bbox 99 391 1570 458; baseline 0.001 -25"><span class='ocrx_word' id='word_1_23' title='bbox 99 395 276 435; x_wconf 75' lang='lat' dir='ltr'>ader-,ant</span> <span class='ocrx_word' id='word_1_24' title='bbox 339 394 408 432; x_wconf 84' lang='lat' dir='ltr'>Sic</span> <span class='ocrx_word' id='word_1_25' title='bbox 426 392 539 431; x_wconf 85' lang='lat' dir='ltr'>enim</span> <span class='ocrx_word' id='word_1_26' title='bbox 577 391 727 444; x_wconf 82' lang='lat' dir='ltr'>debet,</span> <span class='ocrx_word' id='word_1_27' title='bbox 759 410 847 433; x_wconf 83' lang='lat' dir='ltr'>cnm</span> <span class='ocrx_word' id='word_1_28' title='bbox 879 394 1097 458; x_wconf 37' lang='grc' dir='ltr'>αι’ἷίιμιαηιῖο</span> <span class='ocrx_word' id='word_1_29' title='bbox 1134 411 1210 433; x_wconf 81' lang='lat' dir='ltr'>non</span> <span class='ocrx_word' id='word_1_30' title='bbox 1242 394 1386 433; x_wconf 79' lang='lat' dir='ltr'>insulse</span> <span class='ocrx_word' id='word_1_31' title='bbox 1406 398 1570 458; x_wconf 75' lang='lat' dir='ltr'>jocatus</span> 
     </span>
     <span class='ocr_line' id='line_1_5' title="bbox 98 448 1570 504; baseline -0.002 -14"><span class='ocrx_word' id='word_1_32' title='bbox 98 463 204 490; x_wconf 82' lang='lat' dir='ltr'>esset.</span> <span class='ocrx_word' id='word_1_33' title='bbox 239 452 384 490; x_wconf 63' lang='lat' dir='ltr'>Gnox.</span> <span class='ocrx_word' id='word_1_34' title='bbox 443 448 536 488; x_wconf 88' lang='lat' dir='ltr'>Nec</span> <span class='ocrx_word' id='word_1_35' title='bbox 559 451 810 489; x_wconf 87' lang='lat' dir='ltr'>correctoris</span> <span class='ocrx_word' id='word_1_36' title='bbox 829 451 966 502; x_wconf 87' lang='lat' dir='ltr'>ipsius</span> <span class='ocrx_word' id='word_1_37' title='bbox 986 451 1286 504; x_wconf 85' lang='lat' dir='ltr'>interpretatio</span> <span class='ocrx_word' id='word_1_38' title='bbox 1305 455 1480 490; x_wconf 88' lang='lat' dir='ltr'>omnino</span> <span class='ocrx_word' id='word_1_39' title='bbox 1498 467 1570 492; x_wconf 89' lang='lat' dir='ltr'>ve-</span> 
     </span>
     <span class='ocr_line' id='line_1_6' title="bbox 95 502 1569 572; baseline 0.001 -26"><span class='ocrx_word' id='word_1_40' title='bbox 95 523 138 546; x_wconf 87' lang='lat' dir='ltr'>ra</span> <span class='ocrx_word' id='word_1_41' title='bbox 163 517 240 548; x_wconf 87' lang='lat' dir='ltr'>est.</span> <span class='ocrx_word' id='word_1_42' title='bbox 298 507 400 546; x_wconf 84' lang='lat' dir='ltr'>Non</span> <span class='ocrx_word' id='word_1_43' title='bbox 423 506 535 544; x_wconf 84' lang='lat' dir='ltr'>enim</span> <span class='ocrx_word' id='word_1_44' title='bbox 554 502 758 572; x_wconf 81' lang='lat' dir='ltr'>legitur&#39;</span> <span class='ocrx_word' id='word_1_45' title='bbox 737 505 1011 558; x_wconf 76' lang='grc' dir='ltr'><em>αποσκώψας,</em></span> <span class='ocrx_word' id='word_1_46' title='bbox 1043 519 1089 546; x_wconf 90' lang='lat' dir='ltr'>ut</span> <span class='ocrx_word' id='word_1_47' title='bbox 1108 511 1268 561; x_wconf 81' lang='lat' dir='ltr'>jocatus</span> <span class='ocrx_word' id='word_1_48' title='bbox 1289 519 1383 547; x_wconf 78' lang='lat' dir='ltr'>esset</span> <span class='ocrx_word' id='word_1_49' title='bbox 1404 518 1569 548; x_wconf 78' lang='lat' dir='ltr'>vertere</span> 
     </span>
     <span class='ocr_line' id='line_1_7' title="bbox 95 558 1568 628; baseline 0 -26"><span class='ocrx_word' id='word_1_50' title='bbox 95 578 263 628; x_wconf 74' lang='lat' dir='ltr'>posses,</span> <span class='ocrx_word' id='word_1_51' title='bbox 296 562 368 602; x_wconf 92' lang='lat' dir='ltr'>sed</span> <span class='ocrx_word' id='word_1_52' title='bbox 398 558 701 613; x_wconf 75' lang='grc' dir='ltr'>ἆποσκώττων,</span> <span class='ocrx_word' id='word_1_53' title='bbox 735 564 921 627; x_wconf 73' lang='lat' dir='ltr'>quosere</span> <span class='ocrx_word' id='word_1_54' title='bbox 946 563 1048 618; x_wconf 86' lang='lat' dir='ltr'>quid</span> <span class='ocrx_word' id='word_1_55' title='bbox 1081 565 1152 602; x_wconf 90' lang='lat' dir='ltr'>ille</span> <span class='ocrx_word' id='word_1_56' title='bbox 1183 563 1359 615; x_wconf 85' lang='lat' dir='ltr'>fecerit,</span> <span class='ocrx_word' id='word_1_57' title='bbox 1394 564 1568 617; x_wconf 81' lang='lat' dir='ltr'>signifi-</span> 
     </span>
     <span class='ocr_line' id='line_1_8' title="bbox 95 619 1569 676; baseline 0.001 -17"><span class='ocrx_word' id='word_1_58' title='bbox 95 622 180 659; x_wconf 80' lang='lat' dir='ltr'>cari</span> <span class='ocrx_word' id='word_1_59' title='bbox 208 619 301 673; x_wconf 90' lang='lat' dir='ltr'>quis</span> <span class='ocrx_word' id='word_1_60' title='bbox 326 634 413 658; x_wconf 90' lang='lat' dir='ltr'>non</span> <span class='ocrx_word' id='word_1_61' title='bbox 443 619 622 658; x_wconf 78' lang='lat' dir='ltr'>videat?</span> <span class='ocrx_word' id='word_1_62' title='bbox 654 620 782 659; x_wconf 77' lang='lat' dir='ltr'>Verte</span> <span class='ocrx_word' id='word_1_63' title='bbox 814 621 946 673; x_wconf 69' lang='lat' dir='ltr'>igitur</span> <span class='ocrx_word' id='word_1_64' title='bbox 975 636 1067 659; x_wconf 87' lang='lat' dir='ltr'>cum</span> <span class='ocrx_word' id='word_1_65' title='bbox 1101 620 1293 662; x_wconf 82' lang='lat' dir='ltr'>Gesncro:</span> <span class='ocrx_word' id='word_1_66' title='bbox 1322 624 1390 676; x_wconf 83' lang='lat' dir='ltr'>qui</span> <span class='ocrx_word' id='word_1_67' title='bbox 1415 621 1569 676; x_wconf 73' lang='lat' dir='ltr'>alioqui</span> 
     </span>
     <span class='ocr_line' id='line_1_9' title="bbox 97 675 1567 733; baseline 0.001 -19"><span class='ocrx_word' id='word_1_68' title='bbox 97 677 295 729; x_wconf 79' lang='lat' dir='ltr'>(proprie</span> <span class='ocrx_word' id='word_1_69' title='bbox 326 675 568 730; x_wconf 69' lang='lat' dir='ltr'>aliquando,</span> <span class='ocrx_word' id='word_1_70' title='bbox 602 676 627 717; x_wconf 80' lang='grc' dir='ltr'>ἰ.</span> <span class='ocrx_word' id='word_1_71' title='bbox 650 691 682 718; x_wconf 87' lang='lat' dir='ltr'>e</span> <span class='ocrx_word' id='word_1_72' title='bbox 714 677 754 718; x_wconf 91' lang='lat' dir='ltr'><strong>h</strong></span> <span class='ocrx_word' id='word_1_73' title='bbox 777 679 1129 732; x_wconf 77' lang='lat' dir='ltr'>l.rzomzunq11am,</span> <span class='ocrx_word' id='word_1_74' title='bbox 1171 695 1239 718; x_wconf 81' lang='lat' dir='ltr'>suo</span> <span class='ocrx_word' id='word_1_75' title='bbox 1268 677 1567 733; x_wconf 76' lang='lat' dir='ltr'>iemporejere)</span> 
     </span>
     <span class='ocr_line' id='line_1_10' title="bbox 92 733 1567 786; baseline 0.001 -14"><span class='ocrx_word' id='word_1_76' title='bbox 92 749 169 773; x_wconf 84' lang='lat' dir='ltr'>non</span> <span class='ocrx_word' id='word_1_77' title='bbox 190 733 354 773; x_wconf 72' lang='lat' dir='ltr'>indocta</span> <span class='ocrx_word' id='word_1_78' title='bbox 379 733 525 772; x_wconf 61' lang='lat' dir='ltr'>‹lic-La·</span> <span class='ocrx_word' id='word_1_79' title='bbox 510 751 552 772; x_wconf 81' lang='lat' dir='ltr'><em>m</em></span> <span class='ocrx_word' id='word_1_80' title='bbox 575 744 742 772; x_wconf 79' lang='lat' dir='ltr'>caeteros</span> <span class='ocrx_word' id='word_1_81' title='bbox 753 736 886 786; x_wconf 73' lang='lat' dir='ltr'>jacete</span> <span class='ocrx_word' id='word_1_82' title='bbox 905 736 944 772; x_wconf 85' lang='lat' dir='ltr'>in</span> <span class='ocrx_word' id='word_1_83' title='bbox 967 750 1102 773; x_wconf 77' lang='lat' dir='ltr'>comm</span> <span class='ocrx_word' id='word_1_84' title='bbox 1107 751 1143 773; x_wconf 87' lang='grc' dir='ltr'>ιο</span> <span class='ocrx_word' id='word_1_85' title='bbox 1166 735 1274 776; x_wconf 72' lang='lat' dir='ltr'>solet.</span> <span class='ocrx_word' id='word_1_86' title='bbox 1335 735 1459 773; x_wconf 86' lang='lat' dir='ltr'>Hanc</span> <span class='ocrx_word' id='word_1_87' title='bbox 1479 735 1567 773; x_wconf 88' lang='lat' dir='ltr'>vim</span> 
     </span>
     <span class='ocr_line' id='line_1_11' title="bbox 92 790 1568 844; baseline 0.001 -15"><span class='ocrx_word' id='word_1_88' title='bbox 92 790 211 829; x_wconf 87' lang='lat' dir='ltr'>vocis</span> <span class='ocrx_word' id='word_1_89' title='bbox 234 792 352 840; x_wconf 81' lang='grc' dir='ltr'>ποτὲ,</span> <span class='ocrx_word' id='word_1_90' title='bbox 383 799 431 827; x_wconf 87' lang='lat' dir='ltr'>ut</span> <span class='ocrx_word' id='word_1_91' title='bbox 457 790 567 828; x_wconf 85' lang='lat' dir='ltr'>verti</span> <span class='ocrx_word' id='word_1_92' title='bbox 592 792 727 842; x_wconf 80' lang='lat' dir='ltr'>possit</span> <span class='ocrx_word' id='word_1_93' title='bbox 744 790 861 844; x_wconf 77' lang='lat' dir='ltr'>fere,</span> <span class='ocrx_word' id='word_1_94' title='bbox 904 792 1043 844; x_wconf 76' lang='lat' dir='ltr'>tangit</span> <span class='ocrx_word' id='word_1_95' title='bbox 1076 792 1254 830; x_wconf 70' lang='lat' dir='ltr'>Slus-zius</span> <span class='ocrx_word' id='word_1_96' title='bbox 1286 791 1441 833; x_wconf 83' lang='lat' dir='ltr'>Lexic.</span> <span class='ocrx_word' id='word_1_97' title='bbox 1472 791 1568 831; x_wconf 87' lang='lat' dir='ltr'>Xe·-</span> 
     </span>
     <span class='ocr_line' id='line_1_12' title="bbox 91 846 789 899; baseline 0.001 -15"><span class='ocrx_word' id='word_1_98' title='bbox 91 847 223 899; x_wconf 84' lang='lat' dir='ltr'>noph.</span> <span class='ocrx_word' id='word_1_99' title='bbox 251 862 281 884; x_wconf 89' lang='lat' dir='ltr'>s.</span> <span class='ocrx_word' id='word_1_100' title='bbox 307 862 344 887; x_wconf 87' lang='lat' dir='ltr'>v.</span> <span class='ocrx_word' id='word_1_101' title='bbox 363 846 461 887; x_wconf 81' lang='grc' dir='ltr'>ποτὲ</span> <span class='ocrx_word' id='word_1_102' title='bbox 480 861 520 883; x_wconf 91' lang='lat' dir='ltr'>n.</span> <span class='ocrx_word' id='word_1_103' title='bbox 542 848 598 898; x_wconf 85' lang='lat'>5)</span> <span class='ocrx_word' id='word_1_104' title='bbox 632 848 789 885; x_wconf 59' lang='lat' dir='ltr'>Lixum.</span> 
     </span>
    </p>

    <p class='ocr_par' dir='ltr' id='par_1_3' title="bbox 83 901 1567 2028">
     <span class='ocr_line' id='line_1_13' title="bbox 204 901 1563 958; baseline 0.001 -17"><span class='ocrx_word' id='word_1_105' title='bbox 204 903 356 943; x_wconf 79' lang='lat' dir='ltr'>Ead.1.</span> <span class='ocrx_word' id='word_1_106' title='bbox 383 908 444 946; x_wconf 83' lang='lat'>16.</span> <span class='ocrx_word' id='word_1_107' title='bbox 487 904 833 957; x_wconf 70' lang='lat' dir='ltr'>Toevua9yc22cov)</span> <span class='ocrx_word' id='word_1_108' title='bbox 877 903 1028 942; x_wconf 83' lang='lat' dir='ltr'>Malim</span> <span class='ocrx_word' id='word_1_109' title='bbox 1063 903 1134 946; x_wconf 80' lang='grc' dir='ltr'>τὸν</span> <span class='ocrx_word' id='word_1_110' title='bbox 1161 901 1384 958; x_wconf 73' lang='grc' dir='ltr'><strong><em>κᾶρκαρον.</em></strong></span> <span class='ocrx_word' id='word_1_111' title='bbox 1415 905 1563 946; x_wconf 75' lang='lat' dir='ltr'>BnoD.</span> 
     </span>
     <span class='ocr_line' id='line_1_14' title="bbox 92 959 1567 1016; baseline 0.001 -18"><span class='ocrx_word' id='word_1_112' title='bbox 92 959 298 1014; x_wconf 83' lang='lat' dir='ltr'>(Miscell.</span> <span class='ocrx_word' id='word_1_113' title='bbox 325 960 402 1008; x_wconf 83' lang='lat' dir='ltr'>IX,</span> <span class='ocrx_word' id='word_1_114' title='bbox 428 966 492 1003; x_wconf 79' lang='lat'>13.</span> <span class='ocrx_word' id='word_1_115' title='bbox 515 975 554 1012; x_wconf 83' lang='lat' dir='ltr'>p.</span> <span class='ocrx_word' id='word_1_116' title='bbox 571 965 637 1003; x_wconf 86' lang='lat'>67.</span> <span class='ocrx_word' id='word_1_117' title='bbox 672 961 730 998; x_wconf 86' lang='lat' dir='ltr'>ita</span> <span class='ocrx_word' id='word_1_118' title='bbox 754 960 918 1010; x_wconf 77' lang='lat' dir='ltr'>smibit,</span> <span class='ocrx_word' id='word_1_119' title='bbox 935 964 1040 999; x_wconf 88' lang='lat' dir='ltr'>male</span> <span class='ocrx_word' id='word_1_120' title='bbox 1064 961 1177 1015; x_wconf 90' lang='lat' dir='ltr'>quod</span> <span class='ocrx_word' id='word_1_121' title='bbox 1193 961 1567 1016; x_wconf 81' lang='lat' dir='ltr'>adorthographi-</span> 
     </span>
     <span class='ocr_line' id='line_1_15' title="bbox 90 1016 1565 1069; baseline 0 -14"><span class='ocrx_word' id='word_1_122' title='bbox 90 1032 178 1066; x_wconf 85' lang='lat' dir='ltr'>am,</span> <span class='ocrx_word' id='word_1_123' title='bbox 214 1031 300 1055; x_wconf 88' lang='lat' dir='ltr'>non</span> <span class='ocrx_word' id='word_1_124' title='bbox 325 1016 494 1069; x_wconf 77' lang='lat' dir='ltr'>inepte,</span> <span class='ocrx_word' id='word_1_125' title='bbox 530 1016 645 1069; x_wconf 91' lang='lat' dir='ltr'>quod</span> <span class='ocrx_word' id='word_1_126' title='bbox 668 1016 719 1054; x_wconf 89' lang='lat' dir='ltr'>ad</span> <span class='ocrx_word' id='word_1_127' title='bbox 742 1032 904 1064; x_wconf 84' lang='lat' dir='ltr'>casnm;</span> <span class='ocrx_word' id='word_1_128' title='bbox 939 1033 1034 1056; x_wconf 85' lang='lat' dir='ltr'>nam</span> <span class='ocrx_word' id='word_1_129' title='bbox 1062 1018 1125 1056; x_wconf 90' lang='lat' dir='ltr'>sic</span> <span class='ocrx_word' id='word_1_130' title='bbox 1144 1017 1438 1056; x_wconf 83' lang='lat' dir='ltr'>vehementius</span> <span class='ocrx_word' id='word_1_131' title='bbox 1461 1033 1565 1057; x_wconf 91' lang='lat' dir='ltr'>con-</span> 
     </span>
     <span class='ocr_line' id='line_1_16' title="bbox 89 1049 1565 1128; baseline 0 -17"><span class='ocrx_word' id='word_1_132' title='bbox 89 1049 251 1112; x_wconf 87' lang='lat' dir='ltr'>vicium</span> <span class='ocrx_word' id='word_1_133' title='bbox 274 1073 349 1110; x_wconf 91' lang='lat' dir='ltr'>uni</span> <span class='ocrx_word' id='word_1_134' title='bbox 382 1074 448 1111; x_wconf 88' lang='lat' dir='ltr'>illi</span> <span class='ocrx_word' id='word_1_135' title='bbox 475 1072 520 1111; x_wconf 88' lang='lat' dir='ltr'>fit</span> <span class='ocrx_word' id='word_1_136' title='bbox 540 1072 715 1113; x_wconf 86' lang='lat' dir='ltr'>rhetori</span> <span class='ocrx_word' id='word_1_137' title='bbox 778 1073 855 1112; x_wconf 86' lang='lat' dir='ltr'>Sed</span> <span class='ocrx_word' id='word_1_138' title='bbox 880 1077 1051 1128; x_wconf 79' lang='lat' dir='ltr'>vulgata</span> <span class='ocrx_word' id='word_1_139' title='bbox 1072 1084 1181 1114; x_wconf 85' lang='lat' dir='ltr'>stare</span> <span class='ocrx_word' id='word_1_140' title='bbox 1205 1084 1367 1127; x_wconf 84' lang='lat' dir='ltr'>potest:</span> <span class='ocrx_word' id='word_1_141' title='bbox 1402 1074 1565 1114; x_wconf 83' lang='lat' dir='ltr'>intelli-</span> 
     </span>
     <span class='ocr_line' id='line_1_17' title="bbox 86 1128 1564 1184; baseline 0.002 -18"><span class='ocrx_word' id='word_1_142' title='bbox 86 1130 202 1184; x_wconf 86' lang='lat' dir='ltr'>gitur</span> <span class='ocrx_word' id='word_1_143' title='bbox 221 1130 331 1168; x_wconf 86' lang='lat' dir='ltr'>enim</span> <span class='ocrx_word' id='word_1_144' title='bbox 352 1130 442 1176; x_wconf 79' lang='grc' dir='ltr'>ἕνα,</span> <span class='ocrx_word' id='word_1_145' title='bbox 477 1140 524 1167; x_wconf 92' lang='lat' dir='ltr'>ut</span> <span class='ocrx_word' id='word_1_146' title='bbox 546 1131 663 1171; x_wconf 88' lang='lat' dir='ltr'>Dial.</span> <span class='ocrx_word' id='word_1_147' title='bbox 683 1131 818 1168; x_wconf 70' lang='grc' dir='ltr'>Μοτῒ.</span> <span class='ocrx_word' id='word_1_148' title='bbox 842 1131 917 1169; x_wconf 85' lang='grc' dir='ltr'>ΙΧ.</span> <span class='ocrx_word' id='word_1_149' title='bbox 940 1135 978 1179; x_wconf 75' lang='lat' dir='ltr'>(j.</span> <span class='ocrx_word' id='word_1_150' title='bbox 998 1137 1037 1173; x_wconf 77' lang='lat'>2.</span> <span class='ocrx_word' id='word_1_151' title='bbox 1071 1129 1268 1183; x_wconf 78' lang='grc' dir='ltr'><em>μακάριος</em></span> <span class='ocrx_word' id='word_1_152' title='bbox 1288 1128 1432 1173; x_wconf 75' lang='grc' dir='ltr'><em>αὐτῶν.</em></span> <span class='ocrx_word' id='word_1_153' title='bbox 1464 1164 1480 1170; x_wconf 71' lang='lat'><em>-</em></span> <span class='ocrx_word' id='word_1_154' title='bbox 1512 1132 1564 1169; x_wconf 80' lang='lat' dir='ltr'>ri·</span> 
     </span>
     <span class='ocr_line' id='line_1_18' title="bbox 86 1185 1565 1241; baseline 0.001 -17"><span class='ocrx_word' id='word_1_155' title='bbox 86 1186 267 1239; x_wconf 71' lang='lat' dir='ltr'>stephan.</span> <span class='ocrx_word' id='word_1_156' title='bbox 291 1187 348 1224; x_wconf 87' lang='lat' dir='ltr'>Pl.</span> <span class='ocrx_word' id='word_1_157' title='bbox 378 1189 471 1230; x_wconf 79' lang='lat'>345.</span> <span class='ocrx_word' id='word_1_158' title='bbox 495 1185 531 1228; x_wconf 77' lang='grc' dir='ltr'>εἷ</span> <span class='ocrx_word' id='word_1_159' title='bbox 549 1186 623 1241; x_wconf 68' lang='grc' dir='ltr'>γάρ</span> <span class='ocrx_word' id='word_1_160' title='bbox 642 1191 720 1227; x_wconf 81' lang='grc' dir='ltr'>τῶν</span> <span class='ocrx_word' id='word_1_161' title='bbox 747 1190 887 1235; x_wconf 69' lang='grc' dir='ltr'><em>φίλων.</em></span> <span class='ocrx_word' id='word_1_162' title='bbox 921 1188 1117 1237; x_wconf 75' lang='lat' dir='ltr'>RLITZ.)</span> <span class='ocrx_word' id='word_1_163' title='bbox 1177 1188 1251 1228; x_wconf 87' lang='lat' dir='ltr'>Sic</span> <span class='ocrx_word' id='word_1_164' title='bbox 1282 1189 1408 1227; x_wconf 86' lang='lat' dir='ltr'>vertit</span> <span class='ocrx_word' id='word_1_165' title='bbox 1433 1188 1565 1227; x_wconf 65' lang='lat' dir='ltr'>Erus-</span> 
     </span>
     <span class='ocr_line' id='line_1_19' title="bbox 87 1242 1561 1296; baseline 0.001 -16"><span class='ocrx_word' id='word_1_166' title='bbox 87 1260 196 1292; x_wconf 80' lang='lat' dir='ltr'>mus3</span> <span class='ocrx_word' id='word_1_167' title='bbox 230 1242 427 1280; x_wconf 83' lang='lat' dir='ltr'>nimirum</span> <span class='ocrx_word' id='word_1_168' title='bbox 451 1244 618 1295; x_wconf 87' lang='lat' dir='ltr'>putavit</span> <span class='ocrx_word' id='word_1_169' title='bbox 643 1243 863 1283; x_wconf 69' lang='lat' dir='ltr'>Cat-charos</span> <span class='ocrx_word' id='word_1_170' title='bbox 884 1244 1015 1283; x_wconf 82' lang='lat' dir='ltr'>fuisse</span> <span class='ocrx_word' id='word_1_171' title='bbox 1047 1247 1233 1296; x_wconf 87' lang='lat' dir='ltr'>populos</span> <span class='ocrx_word' id='word_1_172' title='bbox 1267 1244 1326 1282; x_wconf 87' lang='lat' dir='ltr'>ita</span> <span class='ocrx_word' id='word_1_173' title='bbox 1359 1254 1561 1292; x_wconf 85' lang='lat' dir='ltr'>vocatos,</span> 
     </span>
     <span class='ocr_line' id='line_1_20' title="bbox 91 1300 1564 1354; baseline 0.001 -16"><span class='ocrx_word' id='word_1_174' title='bbox 91 1303 157 1338; x_wconf 87' lang='lat' dir='ltr'>vel</span> <span class='ocrx_word' id='word_1_175' title='bbox 184 1309 352 1352; x_wconf 76' lang='lat' dir='ltr'>gentem</span> <span class='ocrx_word' id='word_1_176' title='bbox 376 1301 488 1338; x_wconf 53' lang='lat' dir='ltr'>for-ze</span> <span class='ocrx_word' id='word_1_177' title='bbox 511 1301 692 1338; x_wconf 80' lang='lat' dir='ltr'>Athenis</span> <span class='ocrx_word' id='word_1_178' title='bbox 727 1301 974 1354; x_wconf 78' lang='lat' dir='ltr'>degentem,</span> <span class='ocrx_word' id='word_1_179' title='bbox 1008 1311 1056 1338; x_wconf 88' lang='lat' dir='ltr'>ut</span> <span class='ocrx_word' id='word_1_180' title='bbox 1085 1300 1392 1353; x_wconf 74' lang='lat' dir='ltr'>Eumolpidae,</span> <span class='ocrx_word' id='word_1_181' title='bbox 1424 1300 1564 1339; x_wconf 82' lang='lat' dir='ltr'>Phoe·</span> 
     </span>
     <span class='ocr_line' id='line_1_21' title="bbox 86 1355 1562 1409; baseline 0 -16"><span class='ocrx_word' id='word_1_182' title='bbox 86 1356 228 1405; x_wconf 82' lang='lat' dir='ltr'>uices,</span> <span class='ocrx_word' id='word_1_183' title='bbox 262 1355 567 1397; x_wconf 84' lang='lat' dir='ltr'>Eteobutadae.</span> <span class='ocrx_word' id='word_1_184' title='bbox 629 1358 685 1394; x_wconf 88' lang='lat' dir='ltr'>At</span> <span class='ocrx_word' id='word_1_185' title='bbox 709 1359 838 1409; x_wconf 80' lang='lat' dir='ltr'>longe</span> <span class='ocrx_word' id='word_1_186' title='bbox 864 1371 884 1394; x_wconf 89' lang='lat' dir='ltr'>a</span> <span class='ocrx_word' id='word_1_187' title='bbox 908 1356 1088 1395; x_wconf 84' lang='lat' dir='ltr'>veritate</span> <span class='ocrx_word' id='word_1_188' title='bbox 1116 1356 1327 1395; x_wconf 87' lang='lat' dir='ltr'>aberravit</span> <span class='ocrx_word' id='word_1_189' title='bbox 1354 1356 1562 1396; x_wconf 89' lang='lat' dir='ltr'>doctissi-</span> 
     </span>
     <span class='ocr_line' id='line_1_22' title="bbox 85 1410 1564 1465; baseline 0.001 -16"><span class='ocrx_word' id='word_1_190' title='bbox 85 1427 177 1450; x_wconf 91' lang='lat' dir='ltr'>mus</span> <span class='ocrx_word' id='word_1_191' title='bbox 200 1413 270 1450; x_wconf 89' lang='lat' dir='ltr'>ille</span> <span class='ocrx_word' id='word_1_192' title='bbox 294 1413 370 1450; x_wconf 88' lang='lat' dir='ltr'>vir.</span> <span class='ocrx_word' id='word_1_193' title='bbox 433 1412 684 1463; x_wconf 72' lang='lat' dir='ltr'>Legendum</span> <span class='ocrx_word' id='word_1_194' title='bbox 710 1422 770 1451; x_wconf 86' lang='lat' dir='ltr'>est</span> <span class='ocrx_word' id='word_1_195' title='bbox 795 1414 887 1451; x_wconf 86' lang='lat' dir='ltr'>sine</span> <span class='ocrx_word' id='word_1_196' title='bbox 910 1415 1138 1465; x_wconf 76' lang='lat' dir='ltr'>majuscula</span> <span class='ocrx_word' id='word_1_197' title='bbox 1160 1410 1394 1465; x_wconf 72' lang='grc' dir='ltr'><em>καρχάρων,</em></span> <span class='ocrx_word' id='word_1_198' title='bbox 1427 1423 1468 1452; x_wconf 89' lang='lat' dir='ltr'>et</span> <span class='ocrx_word' id='word_1_199' title='bbox 1491 1413 1564 1450; x_wconf 84' lang='lat' dir='ltr'>in-</span> 
     </span>
     <span class='ocr_line' id='line_1_23' title="bbox 84 1468 1564 1522; baseline 0 -15"><span class='ocrx_word' id='word_1_200' title='bbox 84 1468 402 1521; x_wconf 82' lang='lat' dir='ltr'>terpretandum</span> <span class='ocrx_word' id='word_1_201' title='bbox 423 1469 684 1518; x_wconf 74' lang='lat' dir='ltr'><em>mordacium,</em></span> <span class='ocrx_word' id='word_1_202' title='bbox 709 1486 946 1522; x_wconf 67' lang='lat' dir='ltr'>asperorum,</span> <span class='ocrx_word' id='word_1_203' title='bbox 978 1481 1153 1508; x_wconf 64' lang='lat' dir='ltr'>cxserlos</span> <span class='ocrx_word' id='word_1_204' title='bbox 1171 1470 1299 1509; x_wconf 76' lang='lat' dir='ltr'>(lenies</span> <span class='ocrx_word' id='word_1_205' title='bbox 1315 1471 1564 1511; x_wconf 72' lang='lat' dir='ltr'>habentium.-</span> 
     </span>
     <span class='ocr_line' id='line_1_24' title="bbox 85 1524 1562 1580; baseline 0.002 -18"><span class='ocrx_word' id='word_1_206' title='bbox 85 1540 181 1563; x_wconf 87' lang='lat' dir='ltr'>nam</span> <span class='ocrx_word' id='word_1_207' title='bbox 203 1524 403 1578; x_wconf 78' lang='grc' dir='ltr'><strong><em>κάρχαρος</em></strong></span> <span class='ocrx_word' id='word_1_208' title='bbox 425 1526 535 1563; x_wconf 88' lang='lat' dir='ltr'>nihil</span> <span class='ocrx_word' id='word_1_209' title='bbox 556 1526 672 1564; x_wconf 88' lang='lat' dir='ltr'>aliud</span> <span class='ocrx_word' id='word_1_210' title='bbox 695 1536 775 1576; x_wconf 77' lang='lat' dir='ltr'>est,</span> <span class='ocrx_word' id='word_1_211' title='bbox 810 1540 934 1578; x_wconf 87' lang='lat' dir='ltr'>quam</span> <span class='ocrx_word' id='word_1_212' title='bbox 955 1524 1244 1580; x_wconf 76' lang='grc' dir='ltr'>καρχαροδούς.</span> <span class='ocrx_word' id='word_1_213' title='bbox 1303 1526 1382 1565; x_wconf 86' lang='lat' dir='ltr'>Sed</span> <span class='ocrx_word' id='word_1_214' title='bbox 1402 1541 1454 1565; x_wconf 83' lang='lat' dir='ltr'>ex</span> <span class='ocrx_word' id='word_1_215' title='bbox 1476 1526 1562 1565; x_wconf 82' lang='lat' dir='ltr'>hoc</span> 
     </span>
     <span class='ocr_line' id='line_1_25' title="bbox 83 1582 1562 1635; baseline 0.001 -15"><span class='ocrx_word' id='word_1_216' title='bbox 83 1584 181 1620; x_wconf 87' lang='lat' dir='ltr'>loco</span> <span class='ocrx_word' id='word_1_217' title='bbox 217 1593 255 1621; x_wconf 87' lang='lat' dir='ltr'>et</span> <span class='ocrx_word' id='word_1_218' title='bbox 278 1583 399 1632; x_wconf 86' lang='lat' dir='ltr'>aliis,</span> <span class='ocrx_word' id='word_1_219' title='bbox 433 1596 539 1635; x_wconf 88' lang='lat' dir='ltr'>quos</span> <span class='ocrx_word' id='word_1_220' title='bbox 575 1586 655 1634; x_wconf 89' lang='lat' dir='ltr'>jam</span> <span class='ocrx_word' id='word_1_221' title='bbox 679 1582 875 1632; x_wconf 85' lang='lat' dir='ltr'>superius</span> <span class='ocrx_word' id='word_1_222' title='bbox 904 1584 1074 1632; x_wconf 82' lang='lat' dir='ltr'>notavi,</span> <span class='ocrx_word' id='word_1_223' title='bbox 1108 1583 1319 1635; x_wconf 87' lang='lat' dir='ltr'>conjicio,</span> <span class='ocrx_word' id='word_1_224' title='bbox 1353 1583 1562 1621; x_wconf 78' lang='lat' dir='ltr'>Erasmum</span> 
     </span>
     <span class='ocr_line' id='line_1_26' title="bbox 88 1638 1561 1692; baseline 0.001 -17"><span class='ocrx_word' id='word_1_225' title='bbox 88 1638 227 1676; x_wconf 83' lang='lat' dir='ltr'>adhuc</span> <span class='ocrx_word' id='word_1_226' title='bbox 252 1641 448 1689; x_wconf 85' lang='lat' dir='ltr'>juvenem</span> <span class='ocrx_word' id='word_1_227' title='bbox 481 1648 522 1676; x_wconf 89' lang='lat' dir='ltr'>et</span> <span class='ocrx_word' id='word_1_228' title='bbox 555 1638 745 1677; x_wconf 86' lang='lat' dir='ltr'>nondum</span> <span class='ocrx_word' id='word_1_229' title='bbox 781 1639 966 1677; x_wconf 75' lang='lat' dir='ltr'>Graecae</span> <span class='ocrx_word' id='word_1_230' title='bbox 995 1640 1170 1692; x_wconf 79' lang='lat' dir='ltr'>linguae</span> <span class='ocrx_word' id='word_1_231' title='bbox 1202 1639 1305 1676; x_wconf 89' lang='lat' dir='ltr'>satis</span> <span class='ocrx_word' id='word_1_232' title='bbox 1338 1642 1561 1677; x_wconf 77' lang='lat' dir='ltr'>callentem</span> 
     </span>
     <span class='ocr_line' id='line_1_27' title="bbox 86 1694 1564 1748; baseline -0.002 -15"><span class='ocrx_word' id='word_1_233' title='bbox 86 1694 199 1733; x_wconf 88' lang='lat' dir='ltr'>hanc</span> <span class='ocrx_word' id='word_1_234' title='bbox 223 1695 459 1733; x_wconf 78' lang='lat' dir='ltr'>versionem</span> <span class='ocrx_word' id='word_1_235' title='bbox 481 1709 721 1748; x_wconf 74' lang='lat' dir='ltr'>aggressum</span> <span class='ocrx_word' id='word_1_236' title='bbox 743 1695 898 1733; x_wconf 82' lang='lat' dir='ltr'>fuisse:</span> <span class='ocrx_word' id='word_1_237' title='bbox 932 1709 1024 1732; x_wconf 83' lang='lat' dir='ltr'>narn</span> <span class='ocrx_word' id='word_1_238' title='bbox 1048 1710 1172 1746; x_wconf 85' lang='lat' dir='ltr'>saepe</span> <span class='ocrx_word' id='word_1_239' title='bbox 1195 1705 1340 1746; x_wconf 83' lang='lat' dir='ltr'>peccat</span> <span class='ocrx_word' id='word_1_240' title='bbox 1364 1698 1453 1746; x_wconf 87' lang='lat' dir='ltr'>ejus</span> <span class='ocrx_word' id='word_1_241' title='bbox 1473 1694 1564 1733; x_wconf 72' lang='lat' dir='ltr'>dia-</span> 
     </span>
     <span class='ocr_line' id='line_1_28' title="bbox 85 1750 1564 1815; baseline 0.001 -27"><span class='ocrx_word' id='word_1_242' title='bbox 85 1751 186 1789; x_wconf 85' lang='lat' dir='ltr'>lecti</span> <span class='ocrx_word' id='word_1_243' title='bbox 212 1752 495 1815; x_wconf 75' lang='lat' dir='ltr'>ignoratione</span> <span class='ocrx_word' id='word_1_244' title='bbox 519 1753 666 1789; x_wconf 54' lang='lat' dir='ltr'>lnam.</span> <span class='ocrx_word' id='word_1_245' title='bbox 702 1756 824 1802; x_wconf 74' lang='grc' dir='ltr'>Καρχ.</span> <span class='ocrx_word' id='word_1_246' title='bbox 848 1751 970 1788; x_wconf 87' lang='lat' dir='ltr'>litera</span> <span class='ocrx_word' id='word_1_247' title='bbox 994 1752 1231 1789; x_wconf 85' lang='lat' dir='ltr'>minuscula</span> <span class='ocrx_word' id='word_1_248' title='bbox 1258 1751 1416 1789; x_wconf 82' lang='lat' dir='ltr'>initiali</span> <span class='ocrx_word' id='word_1_249' title='bbox 1439 1750 1564 1790; x_wconf 82' lang='lat' dir='ltr'>eden-</span> 
     </span>
     <span class='ocr_line' id='line_1_29' title="bbox 89 1806 1561 1875; baseline 0 -31"><span class='ocrx_word' id='word_1_250' title='bbox 89 1806 185 1845; x_wconf 86' lang='lat' dir='ltr'>dum</span> <span class='ocrx_word' id='word_1_251' title='bbox 214 1809 383 1852; x_wconf 78' lang='lat' dir='ltr'>curavi,</span> <span class='ocrx_word' id='word_1_252' title='bbox 419 1808 617 1874; x_wconf 63' lang='lat' dir='ltr'>Palma-ip</span> <span class='ocrx_word' id='word_1_253' title='bbox 642 1807 906 1855; x_wconf 82' lang='lat' dir='ltr'>adsentiens,</span> <span class='ocrx_word' id='word_1_254' title='bbox 939 1818 979 1846; x_wconf 85' lang='lat' dir='ltr'>et</span> <span class='ocrx_word' id='word_1_255' title='bbox 1007 1808 1206 1875; x_wconf 61' lang='lat' dir='ltr'>I-IesyclLL&#39;o</span> <span class='ocrx_word' id='word_1_256' title='bbox 1240 1808 1297 1846; x_wconf 88' lang='lat' dir='ltr'>ita</span> <span class='ocrx_word' id='word_1_257' title='bbox 1330 1807 1561 1847; x_wconf 82' lang='lat' dir='ltr'>scribenti:</span> 
     </span>
     <span class='ocr_line' id='line_1_30' title="bbox 87 1859 1562 1917; baseline -0.002 -12"><span class='ocrx_word' id='word_1_258' title='bbox 87 1881 282 1917; x_wconf 75' lang='grc' dir='ltr'>καρχαροι</span> <span class='ocrx_word' id='word_1_259' title='bbox 316 1866 356 1905; x_wconf 83' lang='grc' dir='ltr'>οἵ</span> <span class='ocrx_word' id='word_1_260' title='bbox 388 1865 543 1916; x_wconf 72' lang='grc' dir='ltr'>ἔσχατοι</span> <span class='ocrx_word' id='word_1_261' title='bbox 585 1860 743 1912; x_wconf 73' lang='grc' dir='ltr'><em>ὁὸόντες</em></span> <span class='ocrx_word' id='word_1_262' title='bbox 774 1870 926 1916; x_wconf 71' lang='grc' dir='ltr'><em>τραχεῖς</em></span> <span class='ocrx_word' id='word_1_263' title='bbox 954 1881 994 1906; x_wconf 84' lang='grc' dir='ltr'>τε</span> <span class='ocrx_word' id='word_1_264' title='bbox 1021 1882 1088 1905; x_wconf 80' lang='grc' dir='ltr'>και</span> <span class='ocrx_word' id='word_1_265' title='bbox 1116 1861 1255 1905; x_wconf 78' lang='grc' dir='ltr'>οὸόντε</span> <span class='ocrx_word' id='word_1_266' title='bbox 1243 1881 1279 1911; x_wconf 88' lang='grc' dir='ltr'><strong><em>ς</em></strong></span> <span class='ocrx_word' id='word_1_267' title='bbox 1305 1859 1418 1914; x_wconf 77' lang='grc' dir='ltr'><em>οξεῖς.</em></span> <span class='ocrx_word' id='word_1_268' title='bbox 1479 1863 1562 1903; x_wconf 85' lang='lat' dir='ltr'>Sed</span> 
     </span>
     <span class='ocr_line' id='line_1_31' title="bbox 91 1918 1561 1974; baseline 0 -16"><span class='ocrx_word' id='word_1_269' title='bbox 91 1923 190 1974; x_wconf 87' lang='lat' dir='ltr'>quia</span> <span class='ocrx_word' id='word_1_270' title='bbox 230 1935 376 1960; x_wconf 85' lang='lat' dir='ltr'>omnes</span> <span class='ocrx_word' id='word_1_271' title='bbox 410 1921 501 1959; x_wconf 87' lang='lat' dir='ltr'>edd.</span> <span class='ocrx_word' id='word_1_272' title='bbox 538 1920 754 1959; x_wconf 76' lang='lat' dir='ltr'>habebant</span> <span class='ocrx_word' id='word_1_273' title='bbox 783 1918 1007 1972; x_wconf 71' lang='grc' dir='ltr'><strong><em>Καρχαοων</em></strong></span> <span class='ocrx_word' id='word_1_274' title='bbox 1042 1921 1161 1959; x_wconf 76' lang='lat' dir='ltr'>litera</span> <span class='ocrx_word' id='word_1_275' title='bbox 1193 1921 1341 1973; x_wconf 86' lang='lat' dir='ltr'>majori</span> <span class='ocrx_word' id='word_1_276' title='bbox 1372 1919 1561 1969; x_wconf 84' lang='lat' dir='ltr'>initiali,</span> 
     </span>
     <span class='ocr_line' id='line_1_32' title="bbox 87 1976 1502 2028; baseline 0 -13"><span class='ocrx_word' id='word_1_277' title='bbox 87 1988 137 2016; x_wconf 86' lang='lat' dir='ltr'>ut</span> <span class='ocrx_word' id='word_1_278' title='bbox 160 1977 363 2026; x_wconf 68' lang='lat' dir='ltr'>dicimus,</span> <span class='ocrx_word' id='word_1_279' title='bbox 400 1978 528 2016; x_wconf 83' lang='lat' dir='ltr'>facile</span> <span class='ocrx_word' id='word_1_280' title='bbox 550 1978 592 2014; x_wconf 89' lang='lat' dir='ltr'>in</span> <span class='ocrx_word' id='word_1_281' title='bbox 616 1992 795 2016; x_wconf 83' lang='lat' dir='ltr'>errorem</span> <span class='ocrx_word' id='word_1_282' title='bbox 817 1979 961 2028; x_wconf 85' lang='lat' dir='ltr'>potuit</span> <span class='ocrx_word' id='word_1_283' title='bbox 987 1976 1084 2015; x_wconf 83' lang='lat' dir='ltr'>duci</span> <span class='ocrx_word' id='word_1_284' title='bbox 1106 1977 1305 2019; x_wconf 72' lang='lat' dir='ltr'>Erasmus.</span> <span class='ocrx_word' id='word_1_285' title='bbox 1338 1978 1502 2015; x_wconf 56' lang='lat' dir='ltr'>mez.</span> 
     </span>
    </p>

    <p class='ocr_par' dir='ltr' id='par_1_4' title="bbox 87 2031 1563 2469">
     <span class='ocr_line' id='line_1_33' title="bbox 204 2031 1563 2086; baseline -0.003 -12"><span class='ocrx_word' id='word_1_286' title='bbox 204 2035 300 2086; x_wconf 78' lang='lat' dir='ltr'>Pag.</span> <span class='ocrx_word' id='word_1_287' title='bbox 324 2037 525 2077; x_wconf 77' lang='lat'>275.1.3.</span> <span class='ocrx_word' id='word_1_288' title='bbox 565 2031 625 2074; x_wconf 73' lang='grc' dir='ltr'>Οὐ</span> <span class='ocrx_word' id='word_1_289' title='bbox 645 2031 746 2083; x_wconf 76' lang='grc' dir='ltr'><em>πρὸς</em></span> <span class='ocrx_word' id='word_1_290' title='bbox 775 2031 918 2082; x_wconf 63' lang='lat' dir='ltr'>fidum)</span> <span class='ocrx_word' id='word_1_291' title='bbox 951 2035 1109 2071; x_wconf 74' lang='lat' dir='ltr'>Eorum</span> <span class='ocrx_word' id='word_1_292' title='bbox 1143 2048 1278 2081; x_wconf 88' lang='lat' dir='ltr'>more,</span> <span class='ocrx_word' id='word_1_293' title='bbox 1312 2034 1386 2086; x_wconf 87' lang='lat' dir='ltr'>qui</span> <span class='ocrx_word' id='word_1_294' title='bbox 1420 2034 1464 2071; x_wconf 90' lang='lat' dir='ltr'>in</span> <span class='ocrx_word' id='word_1_295' title='bbox 1486 2037 1563 2086; x_wconf 75' lang='lat' dir='ltr'>ju-</span> 
     </span>
     <span class='ocr_line' id='line_1_34' title="bbox 90 2089 1562 2143; baseline -0.001 -14"><span class='ocrx_word' id='word_1_296' title='bbox 90 2090 218 2129; x_wconf 87' lang='lat' dir='ltr'>diciis</span> <span class='ocrx_word' id='word_1_297' title='bbox 249 2091 350 2129; x_wconf 85' lang='lat' dir='ltr'>olim</span> <span class='ocrx_word' id='word_1_298' title='bbox 385 2090 436 2128; x_wconf 89' lang='lat' dir='ltr'>ad</span> <span class='ocrx_word' id='word_1_299' title='bbox 471 2089 734 2143; x_wconf 69' lang='lat' dir='ltr'>clepsydram</span> <span class='ocrx_word' id='word_1_300' title='bbox 766 2089 976 2130; x_wconf 81' lang='lat' dir='ltr'>dicebant.</span> <span class='ocrx_word' id='word_1_301' title='bbox 1010 2091 1151 2128; x_wconf 64' lang='lat' dir='ltr'>Brxoo.</span> <span class='ocrx_word' id='word_1_302' title='bbox 1215 2090 1419 2129; x_wconf 78' lang='lat' dir='ltr'>solebant</span> <span class='ocrx_word' id='word_1_303' title='bbox 1447 2090 1562 2130; x_wconf 87' lang='lat' dir='ltr'>enim</span> 
     </span>
     <span class='ocr_line' id='line_1_35' title="bbox 90 2145 1563 2200; baseline -0.001 -13"><span class='ocrx_word' id='word_1_304' title='bbox 90 2163 136 2187; x_wconf 85' lang='lat' dir='ltr'>ea</span> <span class='ocrx_word' id='word_1_305' title='bbox 165 2157 299 2185; x_wconf 68' lang='lat' dir='ltr'>aetate</span> <span class='ocrx_word' id='word_1_306' title='bbox 319 2146 528 2185; x_wconf 72' lang='lat' dir='ltr'>Rhetores</span> <span class='ocrx_word' id='word_1_307' title='bbox 561 2148 801 2185; x_wconf 71' lang='lat' dir='ltr'>orationum</span> <span class='ocrx_word' id='word_1_308' title='bbox 823 2160 990 2184; x_wconf 87' lang='lat' dir='ltr'>suarum</span> <span class='ocrx_word' id='word_1_309' title='bbox 1013 2157 1178 2198; x_wconf 81' lang='lat' dir='ltr'>tempus</span> <span class='ocrx_word' id='word_1_310' title='bbox 1206 2145 1442 2200; x_wconf 77' lang='lat' dir='ltr'>clepsydris</span> <span class='ocrx_word' id='word_1_311' title='bbox 1473 2160 1563 2185; x_wconf 86' lang='lat' dir='ltr'>me-</span> 
     </span>
     <span class='ocr_line' id='line_1_36' title="bbox 88 2201 1563 2256; baseline -0.001 -13"><span class='ocrx_word' id='word_1_312' title='bbox 88 2205 184 2255; x_wconf 84' lang='lat' dir='ltr'>tiri,</span> <span class='ocrx_word' id='word_1_313' title='bbox 228 2206 340 2256; x_wconf 86' lang='lat' dir='ltr'>quod</span> <span class='ocrx_word' id='word_1_314' title='bbox 378 2204 607 2240; x_wconf 84' lang='lat' dir='ltr'>etiamnum</span> <span class='ocrx_word' id='word_1_315' title='bbox 642 2218 661 2239; x_wconf 90' lang='lat' dir='ltr'>a</span> <span class='ocrx_word' id='word_1_316' title='bbox 696 2203 838 2240; x_wconf 85' lang='lat' dir='ltr'>multis</span> <span class='ocrx_word' id='word_1_317' title='bbox 875 2204 1001 2241; x_wconf 85' lang='lat' dir='ltr'>sacris</span> <span class='ocrx_word' id='word_1_318' title='bbox 1036 2203 1415 2241; x_wconf 82' lang='lat' dir='ltr'>concionatoribus</span> <span class='ocrx_word' id='word_1_319' title='bbox 1448 2201 1563 2254; x_wconf 82' lang='lat' dir='ltr'>apud</span> 
     </span>
     <span class='ocr_line' id='line_1_37' title="bbox 87 2257 1563 2313; baseline -0.001 -14"><span class='ocrx_word' id='word_1_320' title='bbox 87 2261 228 2301; x_wconf 84' lang='lat' dir='ltr'>varias</span> <span class='ocrx_word' id='word_1_321' title='bbox 252 2262 450 2311; x_wconf 78' lang='lat' dir='ltr'>Europae</span> <span class='ocrx_word' id='word_1_322' title='bbox 472 2269 616 2313; x_wconf 79' lang='lat' dir='ltr'>gentes</span> <span class='ocrx_word' id='word_1_323' title='bbox 638 2259 906 2303; x_wconf 79' lang='lat' dir='ltr'>observatur,</span> <span class='ocrx_word' id='word_1_324' title='bbox 939 2274 988 2298; x_wconf 90' lang='lat' dir='ltr'>eo</span> <span class='ocrx_word' id='word_1_325' title='bbox 1007 2270 1144 2296; x_wconf 80' lang='lat' dir='ltr'>tamen</span> <span class='ocrx_word' id='word_1_326' title='bbox 1169 2258 1427 2304; x_wconf 81' lang='lat' dir='ltr'>discrimine,</span> <span class='ocrx_word' id='word_1_327' title='bbox 1445 2257 1563 2311; x_wconf 77' lang='lat' dir='ltr'>quod</span> 
     </span>
     <span class='ocr_line' id='line_1_38' title="bbox 88 2314 1561 2369; baseline -0.002 -14"><span class='ocrx_word' id='word_1_328' title='bbox 88 2328 259 2356; x_wconf 86' lang='lat' dir='ltr'>nostrae</span> <span class='ocrx_word' id='word_1_329' title='bbox 290 2333 432 2365; x_wconf 80' lang='lat' dir='ltr'>arena,</span> <span class='ocrx_word' id='word_1_330' title='bbox 467 2326 654 2354; x_wconf 86' lang='lat' dir='ltr'>veterum</span> <span class='ocrx_word' id='word_1_331' title='bbox 681 2314 927 2368; x_wconf 78' lang='lat' dir='ltr'>clepsydrae</span> <span class='ocrx_word' id='word_1_332' title='bbox 960 2314 1110 2369; x_wconf 84' lang='lat' dir='ltr'>(quod</span> <span class='ocrx_word' id='word_1_333' title='bbox 1138 2325 1180 2354; x_wconf 87' lang='lat' dir='ltr'>et</span> <span class='ocrx_word' id='word_1_334' title='bbox 1203 2326 1378 2366; x_wconf 72' lang='lat' dir='ltr'>etymon</span> <span class='ocrx_word' id='word_1_335' title='bbox 1411 2314 1561 2364; x_wconf 87' lang='lat' dir='ltr'>docet)</span> 
     </span>
     <span class='ocr_line' id='line_1_39' title="bbox 89 2371 1560 2428; baseline -0.001 -17"><span class='ocrx_word' id='word_1_336' title='bbox 89 2389 195 2428; x_wconf 82' lang='lat' dir='ltr'>aqna</span> <span class='ocrx_word' id='word_1_337' title='bbox 228 2384 394 2427; x_wconf 88' lang='lat' dir='ltr'>tempus</span> <span class='ocrx_word' id='word_1_338' title='bbox 427 2372 724 2411; x_wconf 80' lang='lat' dir='ltr'>metiebantur.</span> <span class='ocrx_word' id='word_1_339' title='bbox 777 2372 872 2411; x_wconf 71' lang='lat' dir='ltr'>vid.</span> <span class='ocrx_word' id='word_1_340' title='bbox 898 2387 1024 2425; x_wconf 81' lang='lat' dir='ltr'>supra</span> <span class='ocrx_word' id='word_1_341' title='bbox 1048 2381 1136 2410; x_wconf 80' lang='lat' dir='ltr'>not.</span> <span class='ocrx_word' id='word_1_342' title='bbox 1161 2371 1224 2409; x_wconf 88' lang='lat' dir='ltr'>ad.</span> <span class='ocrx_word' id='word_1_343' title='bbox 1248 2371 1402 2411; x_wconf 27' lang='lat' dir='ltr'>Piscatv.</span> <span class='ocrx_word' id='word_1_344' title='bbox 1429 2385 1464 2410; x_wconf 88' lang='lat' dir='ltr'>c.</span> <span class='ocrx_word' id='word_1_345' title='bbox 1492 2375 1560 2415; x_wconf 83' lang='lat'>24.</span> 
     </span>
     <span class='ocr_line' id='line_1_40' title="bbox 87 2430 256 2469; baseline -0.012 0"><span class='ocrx_word' id='word_1_346' title='bbox 87 2430 256 2469; x_wconf 62' lang='lat' dir='ltr'>SOLAN.</span> 
     </span>
    </p>

    <p class='ocr_par' dir='ltr' id='par_1_5' title="bbox 89 2481 1563 2638">
     <span class='ocr_line' id='line_1_41' title="bbox 203 2481 1562 2536; baseline -0.001 -12"><span class='ocrx_word' id='word_1_347' title='bbox 203 2486 306 2526; x_wconf 72' lang='lat' dir='ltr'><strong><em>End.</em></strong></span> <span class='ocrx_word' id='word_1_348' title='bbox 326 2489 351 2526; x_wconf 89' lang='lat' dir='ltr'>l.</span> <span class='ocrx_word' id='word_1_349' title='bbox 372 2491 409 2530; x_wconf 88' lang='lat'>4.</span> <span class='ocrx_word' id='word_1_350' title='bbox 445 2487 577 2527; x_wconf 80' lang='grc' dir='ltr'>Τοῦτο</span> <span class='ocrx_word' id='word_1_351' title='bbox 596 2482 773 2535; x_wconf 73' lang='grc' dir='ltr'>ὗποστῆ)</span> <span class='ocrx_word' id='word_1_352' title='bbox 806 2485 975 2524; x_wconf 87' lang='lat' dir='ltr'>Sincera</span> <span class='ocrx_word' id='word_1_353' title='bbox 996 2484 1125 2524; x_wconf 87' lang='lat' dir='ltr'>lectio</span> <span class='ocrx_word' id='word_1_354' title='bbox 1146 2481 1386 2536; x_wconf 67' lang='grc' dir='ltr'><strong><em>ὑποστῆναι.</em></strong></span> <span class='ocrx_word' id='word_1_355' title='bbox 1417 2484 1562 2523; x_wconf 71' lang='lat' dir='ltr'>Baon.</span> 
     </span>
     <span class='ocr_line' id='line_1_42' title="bbox 89 2541 1563 2595; baseline -0.004 -13"><span class='ocrx_word' id='word_1_356' title='bbox 89 2546 117 2583; x_wconf 88' lang='lat'>1.</span> <span class='ocrx_word' id='word_1_357' title='bbox 143 2557 266 2592; x_wconf 83' lang='lat' dir='ltr'>saepe</span> <span class='ocrx_word' id='word_1_358' title='bbox 291 2544 360 2583; x_wconf 89' lang='lat' dir='ltr'>cit.</span> <span class='ocrx_word' id='word_1_359' title='bbox 424 2542 505 2582; x_wconf 90' lang='lat' dir='ltr'>Sed</span> <span class='ocrx_word' id='word_1_360' title='bbox 529 2544 610 2588; x_wconf 86' lang='lat' dir='ltr'>ita,</span> <span class='ocrx_word' id='word_1_361' title='bbox 645 2552 692 2579; x_wconf 87' lang='lat' dir='ltr'>ut</span> <span class='ocrx_word' id='word_1_362' title='bbox 715 2542 861 2595; x_wconf 86' lang='lat' dir='ltr'>jussit,</span> <span class='ocrx_word' id='word_1_363' title='bbox 894 2547 977 2595; x_wconf 87' lang='lat' dir='ltr'>jam</span> <span class='ocrx_word' id='word_1_364' title='bbox 996 2556 1239 2595; x_wconf 84' lang='lat' dir='ltr'>expressum</span> <span class='ocrx_word' id='word_1_365' title='bbox 1273 2551 1336 2580; x_wconf 83' lang='lat' dir='ltr'>est</span> <span class='ocrx_word' id='word_1_366' title='bbox 1360 2541 1403 2578; x_wconf 89' lang='lat' dir='ltr'>in</span> <span class='ocrx_word' id='word_1_367' title='bbox 1427 2541 1563 2581; x_wconf 83' lang='lat' dir='ltr'>omni-</span> 
     </span>
     <span class='ocr_line' id='line_1_43' title="bbox 91 2597 484 2638; baseline -0.003 0"><span class='ocrx_word' id='word_1_368' title='bbox 91 2599 170 2638; x_wconf 85' lang='lat' dir='ltr'>bus</span> <span class='ocrx_word' id='word_1_369' title='bbox 192 2597 285 2638; x_wconf 83' lang='lat' dir='ltr'>edd.</span> <span class='ocrx_word' id='word_1_370' title='bbox 319 2600 484 2638; x_wconf 76' lang='lat' dir='ltr'>RmTz.</span> 
     </span>
    </p>

    <p class='ocr_par' dir='ltr' id='par_1_6' title="bbox 92 2653 1567 2767">
     <span class='ocr_line' id='line_1_44' title="bbox 206 2653 1564 2708; baseline -0.003 -12"><span class='ocrx_word' id='word_1_371' title='bbox 206 2655 306 2696; x_wconf 60' lang='lat' dir='ltr'>fiad,</span> <span class='ocrx_word' id='word_1_372' title='bbox 327 2659 354 2695; x_wconf 89' lang='lat' dir='ltr'>l.</span> <span class='ocrx_word' id='word_1_373' title='bbox 380 2661 418 2700; x_wconf 86' lang='lat'>5.</span> <span class='ocrx_word' id='word_1_374' title='bbox 446 2653 537 2698; x_wconf 81' lang='grc' dir='ltr'>Ἐπὶ</span> <span class='ocrx_word' id='word_1_375' title='bbox 558 2656 782 2702; x_wconf 77' lang='grc' dir='ltr'><em>διακοσίαις</em></span> <span class='ocrx_word' id='word_1_376' title='bbox 806 2656 1022 2708; x_wconf 81' lang='grc' dir='ltr'>δραχμαῖς)</span> <span class='ocrx_word' id='word_1_377' title='bbox 1054 2656 1115 2693; x_wconf 84' lang='lat' dir='ltr'>Ea</span> <span class='ocrx_word' id='word_1_378' title='bbox 1148 2667 1306 2692; x_wconf 89' lang='lat' dir='ltr'>summa</span> <span class='ocrx_word' id='word_1_379' title='bbox 1337 2667 1409 2693; x_wconf 85' lang='lat' dir='ltr'>sex</span> <span class='ocrx_word' id='word_1_380' title='bbox 1435 2653 1564 2692; x_wconf 87' lang='lat' dir='ltr'>libras</span> 
     </span>
     <span class='ocr_line' id='line_1_45' title="bbox 92 2709 1567 2767; baseline -0.002 -16"><span class='ocrx_word' id='word_1_381' title='bbox 92 2711 357 2767; x_wconf 81' lang='lat' dir='ltr'>Anglicanas</span> <span class='ocrx_word' id='word_1_382' title='bbox 386 2727 478 2752; x_wconf 90' lang='lat' dir='ltr'>cum</span> <span class='ocrx_word' id='word_1_383' title='bbox 510 2712 687 2752; x_wconf 85' lang='lat' dir='ltr'>dimidia</span> <span class='ocrx_word' id='word_1_384' title='bbox 708 2710 862 2752; x_wconf 83' lang='lat' dir='ltr'>efficit:</span> <span class='ocrx_word' id='word_1_385' title='bbox 908 2712 1092 2750; x_wconf 88' lang='lat' dir='ltr'>Gallicas</span> <span class='ocrx_word' id='word_1_386' title='bbox 1114 2721 1276 2752; x_wconf 76' lang='lat' dir='ltr'>veteres</span> <span class='ocrx_word' id='word_1_387' title='bbox 1300 2709 1352 2750; x_wconf 86' lang='lat' dir='ltr'>ad</span> <span class='ocrx_word' id='word_1_388' title='bbox 1373 2710 1567 2764; x_wconf 82' lang='lat' dir='ltr'>octogin-</span> 
     </span>
    </p>
   </div>
  </div>
 </body>
</html>
