1781 3174
222 193 322 243 612
583 197 1335 233 ADNOTATIONES

222 309 432 350 ποιοῦντα
465 314 573 358 quae
597 313 741 354 quum.
738 307 899 338 natura
921 313 996 337 sua
1031 298 1144 338 nihil
1169 297 1287 337 aliud
1315 297 1556 354 significare
1587 314 1689 354 pos-

227 365 337 412 sint,
371 374 520 415 quam:
563 357 654 397 licet
682 358 844 410 pessime
871 372 910 395 se
939 366 1074 409 gerat
1106 367 1235 395 tamen
1260 359 1426 410 excipe.-
1455 357 1691 410 cogitaiine

228 424 319 459 ullo
336 416 463 457 modo
483 414 644 469 poterit
656 414 709 452 ob
733 411 938 451 maleficia
959 427 1030 451 sua
1054 426 1237 466 aequum
1259 427 1346 452 esse
1358 414 1692 468 NIegapenthem

228 491 318 516 non
337 473 510 527 txajici.
497 472 518 510 ‚2
550 471 642 509 Irno
670 479 730 508 ut
738 468 1144 508 maleficentissimus
1167 480 1276 522 erat,
1310 470 1368 508 ita
1389 471 1620 522 justissime
1643 471 1695 509 ad

229 533 418 573 tribunal
439 527 596 582 judicis
617 525 857 573 ducendus,
890 528 959 565 vel
980 525 1232 575 trahendus,
1266 525 1512 579 videbatur3
1544 536 1584 566 et
1604 542 1694 581 gra-

228 590 440 630 tissimum
462 593 610 624 contra
630 583 801 622 fecisset
825 581 985 621 Clotho
1017 583 1314 621 scelestissimo
1347 559 1539 633 homini,
1574 587 1696 638 cujus

231 659 355 710 quuam
375 641 605 696 plurimum
624 639 852 678 interesset
881 639 926 676 in
955 638 1087 678 vitam
1117 638 1278 690 redire,
1310 640 1347 678 si
1372 639 1461 678 sine
1483 640 1573 694 ipso
1594 655 1699 679 nau-

230 704 363 740 ticum
385 699 467 738 iter
496 695 667 751 ingredi
696 695 923 736 voluisset.
986 694 1105 748 Quid
1132 696 1297 734 multa?
1331 693 1351 737 5
1379 699 1491 738 δεῖνα
1526 706 1588 735 est
1615 697 1698 752 C)—

231 761 384 806 uiscus,
419 768 541 808 quem
562 751 690 791 modo
711 753 978 806 quaesiverat
998 751 1179 790 Clotho:
1214 748 1335 793 Hofi'
1341 768 1424 794 στιν
1447 750 1469 794 ὁ
1487 751 1531 794 τὸ
1560 752 1699 804 ξύλονς

231 812 464 854 Indefinite
483 820 622 849 autem
640 808 886 847 Mercurius
909 823 1026 858 eum,
1059 822 1107 846 ac
1129 808 1222 847 sine
1243 809 1437 857 nomine,
1471 809 1699 863 indigitat,

233 871 337 923 quia
361 866 589 916 Charonis,
623 864 676 904 ad
698 879 820 918 quem
840 864 944 904 haec
964 860 1182 913 dicuntur,
1213 880 1361 918 parum
1386 866 1589 905 inte1esse
1607 876 1700 931 pot.

233 936 346 977 erat,
378 937 534 963 nomen
558 922 732 959 umbrae
761 935 906 971 nosse,
939 921 1066 960 modo
1096 922 1244 972 sciret,
1280 936 1404 975 quem
1428 937 1594 971 eorum,
1629 924 1702 976 qui

233 983 432 1030 aderant,
465 979 594 1017 simul
614 992 708 1016 cum
727 977 1020 1032 Megapenthe
1043 978 1241 1031 excipere
1272 977 1501 1032 juberetur
1545 979 1702 1020 Lnnm

349 1059 454 1101 Ead.
479 1062 505 1101 l.
528 1063 596 1102 13.
634 1062 725 1099 ΚΤ.
752 1052 848 1098 Εἶτ’
874 1053 949 1107 οὗ)
981 1056 1116 1097 Verba
1135 1057 1239 1097 haec
1258 1057 1305 1096 in
1328 1057 1432 1099 Edd.
1457 1059 1612 1098 Par-cae
1629 1058 1703 1097 tri—

235 1121 440 1158 buuntur.
505 1114 737 1154 Rationem
774 1113 1087 1153 emendationis
1127 1125 1298 1154 nostrae
1336 1129 1388 1153 ex
1427 1115 1704 1168 sequentibus

235 1175 409 1215 sumito.
468 1173 518 1211 In
541 1173 603 1209 Fl.
629 1185 715 1209 una
734 1179 871 1208 exstat
887 1170 1011 1210 litera
1037 1174 1085 1211 K.
1105 1170 1208 1210 hinc
1228 1171 1528 1210 festinantium
1551 1186 1707 1224 opera-

235 1248 328 1272 rum
349 1244 478 1271 error.
539 1229 652 1267 Mox
682 1228 835 1267 iterum
862 1237 960 1266 ante
982 1233 1199 1283 τοιγαροῦν
1232 1242 1309 1280 pro
1340 1231 1516 1269 ΚΛΩΘ.
1547 1232 1707 1281 repone

237 1295 329 1331 ΚΥ.
362 1288 528 1328 SOLAN.
586 1285 636 1322 In
660 1293 812 1322 neutro
830 1286 928 1322 loco
948 1298 1101 1323 nomen
1120 1285 1275 1324 Parcae
1293 1287 1512 1339 vuigatum
1531 1295 1708 1322 mutan-

238 1346 337 1384 dum
360 1341 596 1382 videbatur.
657 1340 785 1380 Certe
811 1353 918 1393 quae
939 1342 1132 1393 proxime
1150 1350 1384 1396 sequuntur
1403 1340 1708 1394 RIegapenthis

237 1402 388 1451 verba,
421 1413 506 1437 non
530 1397 689 1436 habent
708 1395 796 1434 vim
814 1395 1012 1449 cogendi,
1072 1397 1193 1451 Quae
1213 1407 1354 1436 autem
1374 1398 1418 1436 in
1441 1399 1504 1436 Fl.
1526 1411 1707 1450 praepo-

237 1460 357 1496 nitur
381 1456 501 1494 litera
531 1459 580 1494 Κ.
605 1467 691 1492 non
715 1453 855 1490 minus
877 1452 1118 1502 commode,
1154 1456 1241 1503 vel,
1273 1463 1323 1491 ut
1353 1454 1510 1492 rectius
1545 1453 1706 1502 dicam,

238 1516 376 1553 multo
401 1508 681 1558 commodius,
713 1522 938 1562 personam
966 1508 1126 1549 Clotlzus
1147 1509 1388 1563 significare
1411 1519 1566 1562 potest,
1581 1524 1707 1563 quam

242 1569 415 1623 Ομιίςοὶ,
448 1581 575 1622 quum
601 1567 644 1604 in
670 1565 870 1618 proxime
889 1565 1240 1605 antecedentibus
1274 1580 1361 1605 non
1395 1565 1603 1621 Cyniscus,
1634 1565 1706 1607 sed

242 1619 406 1675 Clotho,
440 1636 566 1676 agens
592 1631 633 1662 et
652 1624 855 1676 loquens,
887 1621 1101 1661 exstiterit
1120 1637 1316 1685 persona.
1347 1622 1508 1663 L1211M.

356 1704 456 1756 Pag.
479 1705 576 1744 207
600 1702 625 1742 l.
650 1706 687 1744 3.
722 1697 1133 1754 Προςεπαττάλευσα)
1164 1700 1496 1755 Megapenthes,
1528 1701 1710 1741 intenta-

239 1761 277 1800 ri
311 1760 397 1799 sibi
415 1734 481 1797 0ab
518 1757 707 1809 Cynisco
732 1757 943 1824 quopiam
973 1757 1122 1797 videns
1162 1758 1356 1806 verbera,
1398 1757 1505 1796 dicit
1535 1758 1598 1798 ei:
1639 1755 1713 1801 οὐκ

240 1817 317 1872 ἐγώ
336 1831 378 1858 σε
397 1813 553 1869 πρώην,
581 1812 640 1855 ὅτι
658 1811 870 1867 ἐλεύθερος
897 1812 1013 1868 α’γαν,
1038 1816 1106 1855 καὶ
1123 1833 1268 1867 τραχυς
1284 1810 1392 1867 ἦσθα
1411 1815 1478 1855 καὶ
1499 1815 1712 1869 ἕτιτιμητι-

239 1873 334 1922 κὸς,
373 1875 520 1926 μικροῦ
553 1873 637 1912 δεῖν
665 1869 1060 1922 προςεπαττάλευσα,·
1091 1872 1232 1910 Nonne
1265 1889 1303 1925 ⁹5
1299 1888 1333 1910 ο
1366 1882 1402 1909 te
1431 1887 1573 1925 ηιιρσι,
1607 1872 1713 1925 quod

238 1930 356 1970 valde
380 1928 496 1967 bessle
513 1937 547 1965 et
565 1942 696 1980 aspere
716 1942 865 1979 &firm-’S’
900 1943 949 1966 ac
967 1927 1177 1968 idenlzdem
1200 1928 1331 1982 OthLP’O
1316 1944 1445 1975 “Ure-S,
1479 1943 1520 1966 Cr
1524 1945 1586 1967 uCl,
1608 1944 1713 1980 pro—

235 1985 445 2040 pemodum
477 1982 665 2050 affixi?
684 1983 869 2022 Graecus
903 1983 1139 2036 interpres:
1184 1983 1596 2037 Προςεπαττάλευσα]
1640 1987 1714 2033 Εἰς

237 2041 446 2085 πάσσαλον
467 2041 608 2089 ε’δυσα,
643 2034 733 2080 ἀντὶ,
751 2044 823 2081 τοῦ
845 2034 1139 2095 ἄνεσταυρωσα.
1200 2041 1271 2082 Sic
1301 2038 1539 2095 legendum.
1600 2041 1712 2080 Per-

238 2113 381 2153 peram
404 2098 448 2135 in
473 2095 577 2136 edit.
599 2109 673 2149 pro
692 2095 841 2149 primis
866 2097 1018 2137 tertiae
1049 2096 1204 2136 dantur
1226 2111 1457 2151 personae,
1491 2097 1605 2139 ἔδυσε
1630 2111 1708 2151 pto

237 2156 361 2198 ε’δυσα
381 2163 460 2193 etc.
492 2152 619 2193 JENS.

347 2209 498 2251 Ead.1
522 2214 588 2252 11.
625 2212 767 2261 Θαῦμα
785 2212 884 2262 γοῦν
902 2210 975 2262 ἔχει
994 2212 1059 2262 με)
1088 2209 1212 2249 Hom.
1234 2209 1314 2249 Od.
1339 2215 1503 2255 K.326.
1537 2210 1705 2251 SOLAN.

350 2265 455 2306 Ead.
478 2267 504 2305 l.
528 2269 593 2308 14.
629 2264 799 2322 Δωρεα)
831 2264 913 2305 Od.
946 2272 1000 2314 Y,
1023 2271 1119 2310 389
1153 2267 1292 2307 GEsN.

349 2321 453 2363 Ead.
476 2323 503 2362 l.
533 2324 597 2366 15.
634 2318 782 2389 Οὖτιν)
816 2321 915 2362 Vid.
935 2323 1057 2365 Hom.
1082 2322 1181 2375 Οά)
1185 2338 1236 2365 55
1260 2324 1348 2374 ΙΧ,
1371 2328 1467 2368 369.

463 2371 618 2420 Οὖτιν’
601 2377 676 2428 εγώ
694 2376 875 2430 πύματον
899 2379 1037 2431 ἔδομαι
1059 2378 1155 2432 μετὰ
1179 2378 1241 2427 οἷς
1262 2378 1456 2432 ἑτάροισι,

233 2437 457 2481 Neminem,
491 2434 518 2475 i
544 2449 578 2474 e.
607 2434 823 2485 Ulyssem,
853 2451 921 2486 ego
944 2447 1159 2475 extremum
1179 2436 1312 2484 eclam,
1343 2447 1432 2489 pos-t
1452 2451 1542 2474 suos
1563 2437 1704 2476 socios.

233 2493 406 2532 Iudicat
435 2490 562 2530 etiam
587 2490 715 2529 Brocl.
747 2491 874 2532 Misc.
901 2492 957 2532 L.
990 2493 1109 2534 VIII.
1133 2507 1165 2534 c.
1190 2497 1253 2535 12.
1285 2468 1401 2530 lianc
1427 2507 1529 2531 vers.
1555 2493 1598 2530 in
1622 2490 1705 2531 Od.

234 2548 306 2588 lX.
335 2546 632 2602 quaerendum.
663 2548 731 2585 Rs
739 2562 751 2583 1
760 2563 783 2585 1
792 2562 827 2588 Ζ

346 2615 442 2666 Pag
466 2618 673 2659 208-1-1.
702 2609 772 2656 Ἐκ
792 2616 1003 2669 διαμέτρου
1026 2613 1141 2669 ημῶν
1161 2617 1204 2658 οἷ
1223 2617 1328 2669 βίοι)
1360 2617 1518 2655 Erasmi
1538 2616 1702 2656 Chilia-

233 2670 338 2710 des
330 2685 371 2709 in
397 2669 550 2723 adagio
571 2670 641 2710 Eae
667 2670 856 2710 dimne-tro
876 2675 1109 2726 oppositum.
1140 2673 1284 2713 Bnon.
1342 2674 1432 2714 MS.
1454 2673 1562 2726 ἡμῖν.
1592 2674 1700 2712 1³10-

212 2727 445 2769 ·verb.103v
465 2724 575 2768 πάνυ
596 2724 884 2782 διαφερόντων
914 2729 1092 2770 Boussn.
