1781 3174
311 196 362 228 m
399 196 538 228 ΛΡΜ..
577 196 673 226 Pno
712 195 865 226 LAPsU
901 196 953 228 IN
989 194 1296 228 SALUTANDO.
1438 187 1532 234 721

73 296 310 352 quitatibus
335 294 418 334 huc
449 307 676 348 congerere
698 292 749 332 de
771 302 956 333 veterum
987 293 1347 347 salutationibus·
1379 306 1462 335 tam
1481 312 1536 337 ex

73 356 331 393 Commentt.
357 350 408 390 ad
429 351 692 404 Aristoplzan.
712 352 739 388 l.
763 349 944 389 aSchol.
969 350 1227 401 indicatum,
1261 364 1384 404 quam
1409 352 1538 393 Clau-

73 411 164 460 dio,
197 419 323 463 atque
352 408 456 460 ipsis
490 407 707 453 fontibus,
742 405 815 445 sed
843 409 925 459 jam
958 406 1116 444 nimius
1151 407 1197 445 in
1227 406 1293 445 his
1322 409 1448 463 nugis
1472 419 1537 450 est

72 467 297 514 Ladmus,
331 474 373 504 et
399 477 569 508 vereor
603 477 656 502 ne
685 465 818 502 lector
843 477 935 501 cum
958 462 1125 502 Erasmo
1145 462 1282 512 dicat,
1317 464 1426 504 Satis
1447 468 1536 520 jam

69 523 211 562 salveo.
270 520 370 561 Vid.
405 518 580 559 ΕᾸΙιαντῖ.
609 518 711 558 Obs.
743 517 894 572 philol.
926 532 979 557 ex
1008 519 1228 572 Aristoph.
1259 521 1371 562 Plut.
1396 536 1437 574 p.
1464 527 1534 566 27.

70 581 234 618 Rssmz.
295 578 553 616 Praeclaram
599 575 722 614 Jensii
760 574 1099 615 emendationem
1135 575 1272 615 firmat
1307 578 1396 616 Ms.
1428 579 1535 647 Reg

69 639 193 680 2954.
218 632 422 689 legendo,
461 629 504 674 τὸ
538 631 609 685 μὲν
638 635 791 685 χαίρειν
816 649 858 673 κε
862 630 1030 673 λεύεινῡ
1032 633 1088 673 zai
1116 630 1224 674 πάνυ
1254 631 1538 688 ἀποδοκιμάζει

71 691 280 733 etc.B11›.
341 689 497 728 Facilis
519 698 607 727 erat
624 689 892 727 librariorum
912 688 1085 741 lapsus
1072 702 1116 726 in
1138 690 1445 729 commutandis
1465 692 1535 730 In-

69 747 250 786 finitivis
274 755 316 785 et
332 745 586 784 Indicativis
608 744 832 785 verborum
852 750 917 786 κε)
921 743 1023 787 εύειν
1039 754 1081 785 et
1102 740 1429 813 ἀποδοκιμάζειν,
1461 748 1535 798 ita,

72 814 118 842 ut
140 818 216 870 pro
239 799 433 852 κελεύειν,
464 799 637 851 κελεύει,
670 811 712 840 et
741 802 831 840 vice
854 816 972 840 versa
991 816 1066 866 pro
1094 798 1398 857 αποδοκιμάζει,
1432 801 1536 847 εἷπο-

72 856 302 913 δοκιμαζειν
330 859 509 898 scribere
541 867 732 910 possent.
792 858 943 911 Itaque
968 858 1041 896 vix
1075 856 1252 898 dubium
1286 859 1425 899 adhuc
1446 875 1537 900 esse

70 926 234 970 potest,
281 916 386 970 quin
429 915 682 968 probissima
722 913 895 953 Codicis
933 915 1063 969 Regii
1111 915 1240 955 lectio
1269 916 1536 957 restituenda

69 974 139 1014 sit
195 971 287 1012 Nec
310 970 526 1011 dubitavit
546 970 814 1010 Sclzmiederus
835 971 1071 1012 1estituere.
1127 975 1293 1026 Χαίρειν
1314 983 1452 1012 autem
1473 990 1537 1015 κε·

69 1028 154 1071 λεύε
141 1047 195 1071 ιν
225 1029 337 1068 idem
374 1037 458 1079 est,
503 1026 618 1081 quod
651 1028 754 1066 alibi
782 1029 890 1083 χαίρε
875 1044 932 1069 ειν
964 1025 1149 1081 φραζειν,
1189 1030 1260 1085 ε’ἄν
1293 1039 1336 1070 et
1364 1029 1536 1070 similia.

68 1088 226 1126 me.

182 1141 285 1181 Ead
308 1144 335 1181 l
357 1145 397 1184 4.
424 1137 777 1192 {mosomagum
808 1140 906 1180 Non
935 1140 1169 1192 dissimulo,
1200 1141 1306 1181 mihi
1329 1142 1455 1182 etiam
1475 1141 1541 1181 vi-

74 1198 164 1238 deri
193 1198 311 1236 illum
337 1201 500 1246 lusum,
534 1211 655 1251 quem
690 1196 887 1236 versione
916 1200 1067 1250 (quam
1088 1208 1228 1238 tamen
1250 1213 1365 1237 nunc
1386 1213 1465 1253 ego
1487 1197 1544 1238 atl

75 1264 235 1294 mutata
257 1263 399 1293 textus
419 1254 545 1293 verba
565 1252 850 1306 refingendam
872 1252 992 1294 duxi.
1026 1254 1182 1293 Lama.
1199 1257 1212 1304 )
1234 1255 1435 1328 expressi,
1456 1254 1544 1294 Lu-

73 1315 189 1352 ciano
211 1325 296 1350 non
319 1310 559 1365 indignum,
591 1319 632 1348 et
654 1309 834 1348 similem
855 1309 943 1359 illi,
977 1311 1206 1363 versiculo,
1244 1310 1298 1353 Τὸ
1319 1310 1442 1364 μηδὲν
1465 1328 1543 1365 γαρ

75 1368 189 1422 ἄγαν,
222 1366 334 1437 ἄγαν
345 1384 390 1420 με
409 1369 554 1420 τέρπει,
587 1365 691 1418 quin
715 1341 958 1418 germanum
980 1366 1069 1415 illi,
1103 1367 1218 1420 quod
1239 1381 1340 1406 mox
1366 1367 1417 1405 de
1436 1368 1545 1420 Epi·

74 1439 177 1463 curo
198 1423 279 1474 ait,
311 1421 411 1477 ἀνὴρ
433 1420 542 1464 πάνυ
560 1424 711 1475 χαίρων
730 1425 785 1476 τῷ
804 1424 969 1475 χαίρειν.
1032 1422 1228 1462 Ceterum
1250 1437 1372 1463 servo
1394 1421 1545 1466 ἄποδο-

75 1477 211 1533 κιμαζε
215 1496 252 1520 ιν
275 1489 316 1518 et
335 1489 467 1517 totam
489 1477 594 1517 adeo
618 1477 845 1517 lectionem
866 1478 1102 1531 antiquam.
1137 1480 1257 1518 Plato
1276 1478 1424 1522 κελεύει
1443 1475 1546 1522 ἄπο-

74 1535 302 1590 δοκιμάζειν
323 1536 428 1588 ]ἰιόει
456 1537 628 1589 rejicere,
661 1547 738 1585 pro
769 1548 851 1587 quo
879 1535 1010 1588 magis
1039 1536 1199 1573 Latine
1229 1535 1389 1576 dicitur
1420 1538 1543 1590 rejici.

76 1596 244 1647 Χαίρειν
265 1595 332 1631 vel
352 1592 416 1630 bis
439 1591 625 1645 positum
648 1604 669 1627 a
695 1590 878 1629 Luciomo
901 1593 1029 1629 semel
1054 1591 1199 1630 omisit
1220 1591 1441 1642 librarius,
1475 1595 1546 1632 vel

79 1650 291 1701 duplicem
323 1661 547 1700 personam
573 1646 664 1710 ipse
695 1646 759 1684 illi
782 1655 929 1684 auctor
948 1647 1176 1699 imposuit,
1209 1662 1293 1701 quo
1317 1647 1367 1688 de
1391 1663 1547 1702 genere

78 1706 258 1744 dicimus
283 1705 327 1742 in
350 1705 458 1743 Lex.
486 1703 649 1741 rustico
673 1715 766 1742 voc,
798 1702 980 1755 Duplex,
1014 1712 1056 1743 et
1077 1701 1129 1741 ad
1156 1703 1259 1746 Plin.
1286 1704 1408 1757 epist.
1438 1710 1478 1755 8,
1503 1709 1548 1750 6,

77 1767 142 1807 17.
185 1761 323 1800 GESN.

188 1816 291 1856 End.
308 1820 337 1855 1.
363 1821 400 1861 8.
418 1813 606 1883 Ποιῶν)
637 1815 815 1854 Versum
848 1814 986 1868 ipsum
1010 1816 1193 1870 Dionysii
1221 1814 1359 1856 adfert
1380 1816 1546 1858 Platol.

79 1889 116 1919 c.
143 1879 290 1927 Χαῖρε,
321 1874 388 1914 καὶ
404 1869 603 1925 ηδόμενον
627 1875 763 1926 βίοτον
785 1870 952 1920 ὸιασωζε
968 1872 1186 1926 τυράννου.
1219 1873 1387 1914 SOLAN.

191 1929 293 1968 Εαιέ.
305 1932 329 1968 l.
344 1934 383 1972 9.
419 1927 501 1982 Οὐχ
516 1927 687 1977 ὅπωςθε
692 1929 769 1975 οῖς)
799 1928 1120 1968 Adnotaverat
1110 1943 1152 1966 m
1167 1943 1295 1983 marg.
1309 1928 1374 1969 ed.
1392 1929 1546 1970 Graev.

79 1986 416 2033 Hcmslerlzusius,
448 1984 680 2024 VIdendum
717 1983 913 2023 Daharum
940 1984 992 2022 ad
1027 1984 1245 2036 Thucydid.
1267 1985 1350 2024 III.
1373 2001 1424 2053 Ζ’,ρ
1453 1990 1548 2029 194.

80 2058 151 2082 no.
172 2048 240 2087 31
303 2043 378 2080 Ait
408 2051 546 2080 autern
579 2040 757 2084 Τίιιιομῖ.
783 2055 874 2093 cap
899 2045 966 2084 42
987 2042 1017 2080 f.
1046 2042 1145 2079 libri
1174 2041 1304 2080 dicti·
1337 2037 1410 2095 οὐχ
1441 2039 1551 2091 ὅπως

81 2103 262 2152 ζημιοῦν,
286 2094 384 2139 ἄλλα
404 2096 495 2151 ‘mo'
522 2088 734 2151 ἀτιμάζειν,
762 2097 854 2136 Non
875 2097 991 2136 modo
1014 2113 1088 2137 non
1108 2100 1259 2149 punire,
1289 2098 1356 2136 secl
1374 2115 1419 2137 ne
1440 2101 1552 2152 igno-

79 2159 203 2196 mimia
222 2155 375 2209 quidem
396 2154 450 2193 cul
482 2171 575 2194 cere.
636 2153 703 2192 Ad
723 2167 829 2207 quae
858 2153 979 2193 verba
1002 2153 1197 2206 plulibus
1217 2153 1342 2192 docet
1360 2154 1554 2207 Duker-us,

81 2210 151 2265 οὐχ
175 2210 284 2260 ὅπως
300 2225 424 2263 saepe
446 2212 504 2249 ita
527 2209 648 2264 poni,
677 2209 813 2248 veluti
835 2210 1094 2249 Latinorum
1113 2225 1190 2249 non
1207 2209 1339 2261 modo,
1374 2225 1451 2264 pro
1474 2226 1553 2251 non

79 2267 196 2310 morlo
222 2283 310 2307 non.
345 2269 510 2308 ΗΕῙΤΖ.

193 2323 297 2364 Eacl.
320 2326 346 2362 l.
374 2329 439 2366 11.
476 2323 648 2376 Μηδὲν)
678 2321 779 2362 Vid.
801 2322 917 2376 Πίος.
937 2322 1074 2361 La'c‘rt.
1095 2337 1136 2374 p.
1157 2324 1252 2367 215.
1274 2321 1322 2363 C.
1343 2336 1436 2361 cum
1459 2331 1551 2362 not.

83 2395 124 2435 p.
148 2385 245 2424 206.
269 2389 311 2419 et
332 2379 480 2419 Iambl.
507 2380 563 2420 N.
591 2384 684 2423 146.
707 2389 747 2417 et
771 2379 925 2432 passim
949 2384 1041 2423 158.
1073 2380 1178 2432 Por-p
1183 2380 1262 2434 lzyr.
1283 2378 1338 2417 N.
1361 2382 1428 2423 57.
1457 2393 1553 2418 cum

85 2446 177 2475 not.
238 2437 302 2474 Ea
328 2435 380 2475 de
410 2450 453 2475 re
482 2436 679 2490 pluribus
709 2434 900 2488 disputat
923 2435 1077 2476 Fabric.
1106 2435 1219 2476 Bibl.
1244 2435 1316 2474 Gr.
1336 2435 1394 2475 II.
1429 2449 1463 2478 c
1487 2440 1553 2479 12.

87 2497 127 2542 0.
150 2497 188 2535 4.
221 2491 393 2532 SOLAN.

201 2547 350 2588 End-L
373 2553 438 2593 12.
476 2550 664 2602 Οἶκέλλῳ)
688 2546 1203 2605 Cod.F101ent.'Ox.§11292.
1233 2549 1411 2587 Bounn.
1453 2546 1556 2587 Sen-

90 2603 250 2643 tentiae
273 2602 415 2645 deesse
435 2605 597 2661 aliquid
622 2604 805 2643 videtur.
865 2604 976 2642 Utut
995 2605 1075 2652 sit,
1108 2592 1235 2657 hujus
1257 2606 1344 2657 περὶ
1364 2609 1438 2646 τοῦ
1457 2621 1560 2645 παν-

90 2659 160 2708 τὸς
181 2659 287 2698 liber
308 2671 448 2700 nostra
472 2676 645 2716 quoque
666 2670 802 2700 aetate
825 2670 966 2700 notus.
1025 2661 1194 2700 Nomen
1217 2661 1291 2698 alii
1314 2661 1438 2700 aliter
1457 2661 1562 2700 scri-

93 2716 215 2758 bunt.
275 2717 448 2758 Rectior
466 2732 513 2759 ea
535 2718 705 2759 videtur
724 2716 949 2771 scriptura,
983 2729 1090 2772 quae
1100 2716 1285 2759 ”.Ωκελον
1307 2716 1426 2757 facit.
1459 2716 1559 2757 vid.

1150 2775 1184 2813 Z
1204 2789 1224 2812 z
1259 2779 1287 2817 2
