1781 3174
222 220 322 270 514
572 230 1329 263 ΛυΝοΤΑτιοΝΕε

224 331 303 377 Τὸν
331 335 411 375 τῶν
443 333 616 384 Περσῶν
642 327 764 383 λέγει·
796 326 926 378 οὕτως
953 327 1030 385 γὰρ
1057 330 1189 386 ἔλεγον
1218 326 1343 372 αὐτὸν
1372 330 1439 374 διά
1464 329 1508 375 τὰ
1535 331 1691 375 πλείονι

219 386 389 443 δυνάμει
405 393 582 443 χρῆσθαι
605 387 803 441 Περσικῇ.
846 385 1017 425 Vons‘r.

331 445 435 494 Eacl,
457 448 484 486 1.
510 448 574 486 11.
608 438 817 494 Χελώνης,
847 438 875 494 ἢ
908 440 1090 498 καράβου
1117 441 1161 486 τό
1192 442 1343 500 δέρμα)
1386 443 1487 486 vid.
1518 446 1692 485 Aristo-

217 505 338 559 ρῆαη,
363 503 490 553 Vesp.
513 514 555 540 v.
581 502 704 542 1284.
735 507 777 538 et
795 496 916 540 Kust.
948 510 1039 540 not.
1062 501 1149 540 Ms.
1208 502 1305 541 Hoc
1331 501 1552 542 Hemsterh.
1578 516 1692 541 mar-

224 561 320 615 gini
344 558 569 598 adleverat.
600 555 766 594 Rm‘rz.

334 616 434 668 Pag.
460 618 553 656 101.
586 614 674 655 l.2·
711 607 777 652 ‘H
802 609 940 664 φρὴν)
978 609 1043 655 ‘H
1067 611 1210 669 γλῶσσ’
1245 612 1422 669 ὄμώμοχ’
1454 612 1480 668 ἡ
1511 615 1552 657 δὲ
1581 613 1693 669 φρὴν

220 670 442 725 ἀνώμοτος.
489 667 623 722 Eurip.
647 667 826 721 Hippol.
849 674 945 712 612.
989 670 1156 712 SOLAN.
1215 672 1388 711 Nobilis
1407 686 1554 711 versus
1575 672 1692 726 Hip-

220 732 310 783 pol.
331 732 425 772 612.
443 722 504 767 ‘H
520 722 665 779 γλῶσσ’
687 720 862 778 ὅμώμοχ’
885 723 914 777 ἠ’
933 725 975 767 δὲ
992 725 1101 781 φρὴν
1124 725 1347 780 ἀνώμοτος,
1378 728 1451 767 ubi
1476 729 1564 766 vid.
1587 729 1691 768 Bar-

220 803 297 836 ney.
324 794 366 825 et
391 781 485 822 add.
512 781 729 835 Spanlzem.-
750 781 802 820 ad
827 783 1036 836 Aristoph.
1057 785 1164 824 Rau.
1188 790 1282 828 102.
1310 784 1428 825 Plato
1449 783 1622 827 Theaet.
1645 800 1689 838 p.

223 847 317 887 119.
341 841 391 880 E.
417 837 481 881 ‘H
503 839 572 892 μὲν
601 842 760 892 γλῶσσά
787 835 1021 894 α’νέλεγκτος
1050 839 1144 893 ἡμῖν
1173 843 1299 891 ἔσται,
1331 839 1358 895 ἡ
1392 841 1435 884 δὲ
1469 840 1582 897 φρὴν
1615 840 1694 884 οὐκ

222 895 470 950 ἇνέλεγκτος·
503 893 634 949 idque
656 890 918 948 Εὐριπίδειον
936 913 973 937 τι
990 907 1126 940 vocat,
1169 898 1304 939 stn.

331 951 436 993 Ead.
460 955 488 992 1.
512 952 553 995 7.
586 948 825 1005 Βάρβαρος)
858 952 1028 992 Stoicos
1048 953 1267 1008 intelligit.
1296 952 1453 994 Ανηοό.
1471 951 1567 994 adv.
1591 967 1693 1008 gen·

221 1022 284 1052 tes
305 1011 341 1050 I.
366 1024 408 1062 p.
431 1024 484 1047 m.
507 1012 575 1051 49.
595 1009 847 1061 scripturam
868 1023 1024 1047 sacram
1049 1009 1295 1061 defendens,
1313 1011 1503 1057 maxime,
1527 1010 1690 1063 inquit,

222 1084 311 1109 cum
331 1067 500 1106 sciamus
517 1067 658 1113 etiam,
691 1064 884 1119 quosdam
905 1068 1120 1118 sapientiae
1144 1067 1295 1107 deditos
1315 1083 1393 1106 non
1414 1077 1565 1105 tantum
1587 1066 1694 1120 abje-

221 1127 320 1166 cisse
336 1124 524 1162 sermonis
555 1119 724 1167 cultum,
755 1137 883 1161 verum
917 1124 1056 1172 etiam,
1091 1140 1180 1162 cum
1205 1134 1360 1177 possent
1380 1124 1556 1162 ornatius
1579 1133 1696 1176 atque

221 1181 376 1220 uberius
398 1178 550 1231 eloqui,
580 1177 774 1217 trivialem
801 1178 931 1218 studio
962 1179 1219 1219 humilitatem
1240 1191 1412 1228 secutos,
1446 1195 1493 1218 ne
1511 1194 1696 1218 corrum-

219 1246 352 1291 perent
381 1234 530 1274 scilicet
556 1237 766 1287 gravitatis
792 1236 978 1288 rigorem,
1009 1247 1044 1275 et
1063 1237 1277 1290 sophistica
1303 1253 1342 1275 se
1365 1237 1497 1290 polius
1515 1245 1696 1275 ostenta-

222 1296 326 1333 tione
346 1294 557 1346 jactarent.
590 1291 754 1330 SOLAN.
816 1293 900 1331 Pro
927 1306 999 1342 eu,
1033 1292 1147 1345 quod
1181 1308 1280 1332 mox
1301 1292 1515 1346 sequitur,
1547 1289 1697 1345 ἀπηχὲς

223 1348 389 1388 Belinus
409 1347 559 1385 maluit
578 1343 749 1399 ἀπηνὲς,
784 1347 944 1402 quippe
967 1362 1052 1387 non
1074 1347 1299 1389 adsecutus
1318 1348 1549 1401 genuinam
1570 1363 1696 1387 voca-

223 1405 315 1443 buli
337 1404 442 1450 vim,
479 1416 601 1456 quam
625 1402 795 1456 quidem
817 1404 861 1442 in
882 1419 932 1443 eo
953 1406 1099 1457 ponit.
1132 1405 1239 1459 quod
1262 1404 1413 1444 nullum
1431 1403 1522 1442 edat
1541 1420 1693 1454 sonum,

223 1460 287 1500 vel
306 1471 405 1500 certe
435 1469 518 1498 iam
541 1469 688 1515 tenuem
701 1489 713 1509 ,
747 1475 858 1515 quem
885 1461 978 1500 echo
1009 1460 1166 1500 reddere
1186 1471 1359 1515 nequeat.
1416 1460 1591 1500 Rectius
1616 1475 1698 1500 ex·-

224 1517 389 1571 plicant
408 1516 684 1555 Grammatici
705 1527 881 1557 veteres.
942 1517 1039 1558 vid.
1063 1531 1190 1571 supra
1212 1517 1265 1556 ad
1285 1516 1492 1556 Scholion
1515 1516 1698 1557 adnota-

226 1584 270 1613 ta
296 1587 339 1626 p.
361 1578 457 1617 333.
490 1573 647 1612 Lmnu.

337 1627 441 1669 Εαιῐ.
462 1631 490 1668 1.
515 1634 578 1671 11.
604 1624 854 1684 Ἀπόξυσον)
884 1630 994 1670 Puto
1028 1645 1093 1671 me
1124 1630 1169 1669 in
1199 1631 1398 1671 versione
1427 1629 1514 1669 vim
1547 1630 1695 1670 verbo.

223 1700 316 1726 rum
342 1687 403 1724 sic
425 1685 527 1724 satis
551 1683 794 1724 adsecutum
816 1700 917 1725 esse.
967 1688 1068 1725 Vult
1089 1687 1287 1726 funditus
1311 1687 1538 1740 exstirpari
1558 1687 1697 1739 pudo-

223 1756 332 1791 rem,
369 1755 411 1795 q.>
431 1740 470 1780 d.
491 1740 640 1797 abrogde
659 1743 785 1795 ipsum
802 1743 1027 1784 erubescere.
1061 1745 1189 1783 Forte
1208 1743 1447 1796 praeferant
1468 1743 1543 1781 alii
1566 1743 1699 1782 Eras-

225 1800 285 1838 mr',
309 1798 730 1851 interpretationem,
781 1799 1027 1839 erubescendi
1053 1800 1302 1856 facilitatem
1331 1798 1378 1838 de
1396 1799 1515 1855 facie
1536 1815 1698 1852 prorsus

225 1854 440 1908 abstergas.
502 1852 583 1893 Sed
603 1868 691 1892 non
713 1853 763 1895 de
786 1859 876 1894 sola
895 1856 1106 1896 facilitate
1126 1856 1196 1895 hic
1217 1870 1353 1896 sermo
1373 1866 1463 1906 est;
1493 1865 1533 1895 et
1552 1856 1697 1895 abster-

222 1927 330 1965 gere,
371 1911 410 1959 si
436 1924 527 1950 cum
562 1907 718 1960 ἆποξέω
761 1921 1049 1965 comparetur,
1091 1928 1238 1966 parum
1272 1911 1516 1953 vehemens.
1560 1912 1697 1955 GESN.

227 1966 444 2022 Seyboldus
461 1966 565 2006 haec
587 1966 834 2007 adnotavit:
863 1966 1121 2021 ,,ἇπὸξυσον]
1154 1967 1302 2008 abrade
1322 1969 1507 2022 penitus.
1527 1991 1585 2000 --
1612 1969 1699 2008 Le.

227 2032 336 2078 gunt
360 2024 436 2062 alii
464 2021 688 2075 ἆπόξεσον,
719 2031 912 2079 absterge,
947 2026 1063 2080 quod
1091 2025 1278 2074 Gesnero,
1311 2025 1347 2063 si
1372 2039 1466 2064 cum
1491 2020 1697 2075 οῗπόξυσον

228 2088 520 2132 comparetur,
551 2094 699 2133 parum
734 2080 962 2121 vehemens
991 2081 1172 2123 videtur.
1216 2081 1315 2120 'Sed
1346 2081 1458 2119 forte
1489 2078 1697 2131 ἀπόξυσον

225 2137 344 2174 nimis
367 2135 641 2176 vehemens.“
704 2137 804 2176 Non
839 2139 955 2192 cepit
987 2139 1133 2192 itaque
1156 2137 1370 2194 Seyboldus
1393 2136 1551 2178 Gesneri
1573 2153 1696 2177 men-

227 2199 327 2232 tem.
387 2192 488 2231 Non
519 2193 661 2232 voluit
689 2192 875 2234 Gesner-us
893 2195 1006 2235 inter
1033 2191 1185 2245 ἄποξέω
1209 2206 1251 2235 et
1271 2191 1433 2244 ἀποξύω
1449 2224 1458 2241 ,
1491 2197 1559 2234 vel
1583 2194 1696 2234 inter

227 2247 437 2287 lectiones
459 2250 594 2288 varias
616 2245 820 2300 ἀπόξυσον
839 2262 881 2291 et
903 2249 1099 2301 ἆπόξεσον
1119 2251 1393 2305 distinguere,
1418 2259 1473 2299 et,
1493 2259 1586 2288 utra
1607 2250 1695 2289 utri

227 2312 436 2355 praestet,
470 2304 717 2354 decernere;
754 2306 828 2346 sed
853 2308 1016 2361 judicat
1034 2308 1163 2347 modo
1187 2308 1237 2347 de
1267 2307 1425 2346 Erasmi
1443 2307 1694 2359 interpreta-

227 2358 371 2409 tione,
406 2373 528 2414 quam
551 2373 681 2417 negat
706 2362 1022 2413 vehementiae,
1056 2378 1180 2418 quam
1211 2364 1382 2403 verbum
1406 2359 1588 2410 ἆποξὲειν
1610 2363 1692 2417 sig-

228 2413 397 2466 nificet,
442 2431 590 2470 parum
618 2431 707 2460 esse
738 2420 1078 2460 convenientem.
1140 2421 1292 2473 Neque
1336 2418 1440 2456 dicit
1469 2418 1687 2470 Erasmum,

229 2469 345 2524 quod
367 2473 541 2513 verterit
564 2474 758 2528 absim-ge,
791 2476 945 2529 legisse
962 2473 1177 2527 ἆπόξεσον,
1211 2479 1279 2514 vel
1300 2476 1358 2513 ita
1379 2475 1463 2529 legi
1487 2476 1687 2524 voluisse,

226 2548 283 2556 —
297 2526 412 2580 quod
432 2538 475 2567 et
495 2529 630 2582 ipsum
646 2532 916 2571 Sclzmiederus
934 2534 1043 2572 falso
1070 2534 1200 2571 refert
1219 2534 1339 2571 Tom.
1352 2531 1408 2572 II.
1430 2532 1475 2569 iu
1492 2531 1686 2571 Addend.

227 2581 281 2620 ad
303 2584 425 2623 Tom.
445 2584 480 2622 I.
502 2599 546 2637 p.
571 2587 773 2627 XXXVI.
805 2609 862 2619 -—
893 2590 979 2628 imo
1005 2592 1114 2628 clare
1138 2587 1375 2641 significat,
1410 2602 1452 2627 se
1482 2585 1687 2637 ἀπόξυσον

225 2647 268 2676 et
287 2635 440 2687 ἇποξέω
463 2655 540 2693 pro
566 2644 694 2681 unius
718 2644 989 2698 ejusdemque
1020 2644 1159 2699 gentis
1181 2653 1222 2682 et
1245 2643 1424 2698 originis
1449 2644 1586 2683 verbis
1609 2644 1688 2682 ha·-

223 2691 344 2743 bere,
378 2709 455 2734 nec
479 2697 595 2736 aliud
618 2700 846 2754 quidquam
871 2701 974 2754 agit,
1008 2714 1130 2753 quam
1152 2708 1199 2736 ut
1222 2698 1345 2751 hujus
1368 2699 1484 2738 verbi
1507 2701 1571 2739 vis
1591 2699 1632 2740 h.
1658 2702 1683 2739 l.

223 2750 523 2795 constituatur.
564 2753 698 2809 quue
719 2757 974 2809 rectissime,
1005 2766 1054 2794 ut
1074 2769 1153 2809 ego
1175 2755 1385 2797 existimo.
1423 2756 1532 2796 Nam
1552 2770 1682 2811 quum
