1781 3174
517 202 1184 234 1NcATA1³Lu³L
1500 195 1596 244 613

230 301 333 341 Eud.
355 304 383 342 1.
405 305 442 344 7.
480 295 538 342 013
571 298 648 355 γὰρ
680 297 762 342 οἶδ’
794 297 924 349 ὅπως)
956 302 1273 356 Interpungunt
1301 300 1418 341 hunc
1445 306 1590 344 locum

116 357 417 405 Grammatici,
450 367 491 397 et
512 356 599 396 dici
622 361 777 396 volunt
796 375 871 399 ουκ
891 357 981 399 οἶδα
1005 357 1079 412 γὰρ
1105 357 1227 407 ὅπως.
1260 359 1443 400 Bouim.

224 437 328 479 16ἰᾶ
381 437 652 489 Προςέχεται)
695 438 857 475 Forsan
898 437 1070 476 Lucian.
1109 437 1275 477 dederit
1303 439 1580 494 προς-ἴσχεται,

113 494 230 550 quod
253 495 324 532 hic
341 491 555 532 efficacius
577 492 773 541 videtur,
808 503 855 531 ut
874 493 985 546 apud
1007 494 1213 548 Aristoph.
1231 495 1344 535 Plut.
1370 500 1496 540 1097.

315 547 480 600 ’.Ωςπερ
500 554 539 590 λε
525 547 621 598 πᾶς
639 557 694 591 ττδ
715 553 906 605 μειρακίῳ
925 554 1196 604 ποοςίσχεται,

110 612 235 648 instar
259 618 404 647 ostreae
425 606 664 646 adolescenti
686 607 829 662 adfisca
855 618 921 646 esi.
981 607 1083 646 Non
1114 619 1254 647 tamen
1288 623 1440 648 moveo
1474 613 1578 648 vul-

109 675 270 719 gatam,
310 678 406 701 nam
447 665 492 701 in
523 662 667 702 eadem
698 663 920 702 locutione
950 665 1212 717 προςέχεσθαι
1238 664 1364 704 etiam
1398 664 1574 706 adhibet

107 721 219 760 idem
240 722 278 759 V
281 734 368 783 esp.
390 723 485 764 105.
512 721 672 760 RmTZ
734 719 851 773 Quid
873 735 998 769 vero,
1030 721 1066 758 si
1088 722 1375 775 προς-ἴσχεσθαι
1392 732 1435 761 et
1451 740 1575 777 προς-

105 780 266 831 ἔχεσθαι
283 777 327 814 vi
348 791 519 829 prorsus
540 776 682 816 eadem
701 777 801 826 sint,
835 786 876 815 et
895 778 1031 815 forma
1052 777 1348 816 tantummodo
1367 777 1533 818 diversa
1548 779 1570 818 ?

102 835 227 873 Prior
245 833 411 872 scilicet
430 834 566 872 forma
597 833 793 886 poetico,
831 836 958 872 altera
985 835 1205 886 prosaico,
1239 834 1372 886 magis
1409 849 1572 875 conve-

102 891 170 928 nit
189 893 314 943 stylo.
374 890 525 943 Itaque
546 890 750 942 repereris
770 904 802 930 e.
829 904 867 943 g.
899 890 1039 943 ἴσχεο
1028 905 1071 928 m
1097 891 1240 945 Epigr.
1263 891 1384 928 XIX.
1418 891 1492 930 sed
1523 892 1570 931 in

99 947 307 1000 prosaicis
326 947 503 985 Luciam]
524 946 680 984 frustra
706 948 788 984 tale
814 945 919 1000 quid
944 947 1219 1000 quaesiveris.
1251 947 1409 986 me.

210 1014 311 1055 Eacl.
328 1017 355 1052 1.
372 1019 436 1056 11.
462 1010 637 1067 Ἀμέλει)
666 1012 766 1053 Vid.
786 1028 910 1066 supra
931 1020 1042 1058 c.13.
1062 1030 1114 1052 m.
1137 1013 1230 1067 huj,
1250 1014 1368 1053 Dial.
1401 1016 1565 1057 Rm-rz.

98 1073 270 1110 Frustra
291 1070 446 1109 citatur
467 1072 586 1108 locus
612 1084 727 1108 nunc
754 1081 955 1112 mutatus.
1016 1070 1098 1111 Sed
1127 1070 1249 1120 vide,
1278 1072 1315 1110 si
1348 1086 1456 1125 opus
1486 1073 1564 1124 sit,

98 1126 290 1167 Iudicem
314 1141 344 1166 5.
371 1123 514 1178 ἀμέλει.
545 1127 703 1165 Lnnnr.

213 1178 864 1237 Ρει;.209.1.1.Ἀτοβλέπειω
896 1186 992 1224 Hoc
1012 1195 1097 1231 est,
1131 1183 1246 1238 quod
1266 1195 1441 1224 extrema
1463 1184 1568 1224 linem

100 1257 233 1279 amare
252 1240 359 1278 dicit
378 1241 450 1279 ille
472 1241 727 1280 Terentianus
757 1241 996 1291 Phaechia,
1027 1243 1141 1281 Eun.
1161 1242 1239 1291 IV,
1262 1243 1301 1290 2,
1327 1246 1390 1285 12.
1424 1242 1562 1281 Gnsx,

209 1319 311 1360 Εαιῖ
334 1322 360 1361 l.
385 1324 424 1362 6
459 1316 679 1371 Καττυμα)
712 1319 810 1361 Vid.
842 1321 1116 1373 interpretem
1148 1321 1358 1373 Aristoplz.
1390 1320 1563 1361 Vonsmr

95 1376 216 1416 Infra
236 1375 379 1416 Schol.
404 1375 454 1413 ad
480 1390 513 1414 c.
533 1380 600 1418 20.
633 1389 816 1428 quocum
842 1377 988 1416 suidas
1017 1391 1150 1429 prope
1189 1377 1240 1414 ad
1275 1378 1418 1416 literas
1451 1391 1566 1414 con-

98 1434 244 1486 spirat.
287 1432 354 1471 Cf.
379 1433 484 1473 Gall.
522 1446 557 1472 c.
579 1437 647 1476 28,
711 1432 831 1486 Quae
861 1447 913 1486 pi
918 1433 1058 1472 oxime
1094 1442 1358 1486 sequuntur,
1391 1428 1568 1484 κρηπῖδεί

95 1508 183 1531 τινα
206 1490 247 1531 ἐν
264 1494 352 1530 ταῖν
375 1494 506 1542 χεοοῖν
524 1490 644 1541 ἔχων,
671 1489 755 1538 ita,
788 1499 837 1528 ut
861 1490 963 1527 olim
981 1489 1289 1544 vuloabantur‚
1323 1489 1358 1527 si
1381 1488 1566 1540 diligen-

95 1547 183 1584 tius
207 1544 472 1595 consideies‚
503 1546 642 1600 aliqua
679 1546 874 1585 laborant
902 1545 1204 1601 ambiguitate,
1241 1559 1348 1597 quae
1380 1545 1563 1586 Belinum

98 1602 296 1642 seducere
330 1603 502 1654 potuit,
553 1612 601 1639 ut
632 1602 784 1641 hunc
774 1617 819 1639 ln
859 1602 1029 1640 modum
1060 1611 1241 1640 sumeret
1285 1601 1562 1655 redderetque

96 1658 245 1707 verba,
281 1659 402 1711 quasi
425 1658 638 1711 crepidam
660 1660 870 1709 IVIicyllus
894 1673 1034 1697 secum
1059 1660 1103 1695 in
1125 1658 1281 1696 Orcum
1305 1658 1470 1696 tulisset
1489 1662 1564 1710 (et

94 1724 277 1768 premant
298 1729 354 1751 un
373 1715 532 1753 soulier
554 1714 656 1753 dans
679 1730 764 1753 mes
786 1716 919 1752 mains
935 1746 945 1763 ‚
979 1729 1030 1752 en
1055 1713 1165 1753 deux
1184 1723 1298 1751 sauts
1322 1716 1361 1767 je
1380 1715 1468 1752 suis
1488 1727 1564 1752 ac-

97 1786 231 1809 couru
259 1771 343 1822 ici)
377 1770 684 1824 adnotaretque
713 1770 887 1810 adhaec
910 1770 1060 1819 verba,
1100 1780 1263 1809 veteres
1295 1769 1474 1808 mortuis
1496 1783 1561 1808 res

97 1827 341 1865 attribuisse
364 1827 406 1864 in
432 1827 590 1865 Orcum
617 1843 755 1866 secum
774 1827 1025 1880 portandas,
1062 1827 1136 1880 qui
1158 1825 1380 1879 ingenium
1414 1840 1562 1864 eorum

95 1884 299 1936 vitaeque
323 1897 454 1937 genus
479 1883 765 1937 designarent.
827 1885 1066 1935 Deceperat
1090 1881 1202 1920 haud
1229 1880 1357 1921 dubie
1378 1880 1562 1921 Belinnm

95 1941 238 1979 versio
261 1940 446 1978 Latina:
479 1940 629 1990 abjecto
648 1939 804 1993 scalpro
826 1951 860 1978 et
879 1943 1016 1988 coriis,
1049 1938 1247 1991 crepidam
1268 1937 1399 1977 adhuc
1418 1940 1459 1976 in
1477 1953 1562 1976 ma-

96 1997 209 2034 nibus·
228 1996 388 2044 liabens,
422 1997 558 2035 exsilii
575 2000 707 2034 sialim
728 2007 808 2036 etc.
843 1997 886 2033 in
910 2011 989 2049 qua
1014 1996 1120 2033 illud
1148 1995 1280 2033 adhuc
1309 1995 1466 2046 pariter
1491 2004 1563 2032 at·-

97 2067 179 2106 que
198 2053 242 2089 in
262 2061 381 2090 textu
404 2052 498 2104 ipso
521 2053 833 2116 Participiuin
822 2054 919 2105 ἔχων
937 2066 1104 2090 sensum
1123 2051 1258 2099 illum,
1288 2064 1410 2104 quem
1432 2050 1561 2089 inter·

96 2110 258 2162 presFi
249 2109 556 2161 aucogallicus
580 2108 729 2154 finxit,
763 2111 942 2148 innuere
970 2108 1181 2149 videntur
1240 2107 1298 2144 At
1330 2120 1427 2145 vero
1464 2121 1563 2144 rec-

98 2165 183 2203 tius
207 2165 310 2203 haec
329 2180 350 2202 a
383 2165 604 2204 lliclamlio
632 2165 682 2204 ad
712 2164 1007 2204 antecedentia
1040 2161 1292 2216 explicanda
1320 2163 1563 2201 referuntur

96 2231 314 2261 vertente:
348 2221 440 2258 Auf
459 2221 537 2260 den
561 2232 696 2260 ersten
716 2220 856 2259 Wink
886 2221 958 2261 der
977 2222 1163 2273 Atropos
1196 2219 1311 2258 warf
1336 2217 1406 2256 ich
1438 2218 1565 2257 froh-

97 2277 187 2318 lich
206 2278 372 2316 meinen
398 2277 728 2317 Schusterkncif
756 2278 843 2315 und
869 2277 949 2316 den
980 2275 1313 2315 unvollendeten
1340 2274 1565 2313 Halbstie-

98 2335 184 2384 fel²
213 2333 292 2373 den
312 2333 381 2372 ich
416 2334 518 2372 eben
541 2335 585 2372 in
619 2334 802 2373 Handen
827 2333 966 2381 hatte,
995 2348 1091 2385 weg
1111 2342 1189 2371 etc.
1224 2331 1448 2384 quoniam,
1483 2332 1564 2370 etsi

98 2404 188 2428 mos
213 2391 284 2429 ille
309 2391 485 2429 omnino
515 2390 773 2429 concedatur
801 2390 912 2428 inter
939 2399 1102 2428 veteres
1137 2387 1376 2436 exstitisse,
1412 2387 1456 2424 in
1480 2386 1564 2426 hoc

99 2455 239 2485 tamen
262 2446 430 2499 dialogo
464 2462 602 2500 neque
632 2450 751 2485 locus
782 2446 882 2484 huic
914 2444 1107 2498 crepidae
1140 2443 1250 2497 apud
1281 2443 1442 2482 inferos
1476 2457 1566 2482 esse

100 2502 273 2556 potuit,
325 2518 463 2556 neque
504 2505 630 2542 etiam
672 2504 852 2555 amplius
896 2502 944 2540 ab
983 2512 1155 2539 auctore
1194 2508 1565 2538 commemoratur.

101 2559 220 2597 Hinc
242 2568 373 2610 patet,
400 2574 538 2599 veram
561 2560 804 2607 lectionem,
838 2572 1013 2610 eamque
1034 2556 1389 2609 simplicissimam
1411 2564 1453 2594 et
1474 2558 1567 2594 cla-

101 2615 330 2661 rissimam,
361 2617 633 2668 suppeditare
654 2626 737 2654 tres
766 2614 968 2654 Codices:
1000 2616 1174 2667 ‘amq-titia
1194 2610 1270 2667 γάρ
1296 2629 1386 2654 τινα
1407 2613 1449 2654 ἐν
1478 2617 1567 2654 ταῖν

101 2690 136 2725 7
130 2677 234 2724 ροῖν
257 2670 385 2724 εἶχον,
427 2672 790 2726 S'clzmieclerumque
818 2675 908 2723 jure
926 2684 1002 2709 suo
1025 2684 1114 2708 eam
1149 2668 1371 2722 recepisse.
1429 2667 1567 2707 Dein·

102 2742 198 2781 ceps
223 2725 480 2783 ἁνυπόὸητος
499 2730 626 2770 habet
652 2729 758 2770 Cod.
781 2728 954 2770 Βᾱιοοο
945 2758 976 2777 ,
1006 2726 1162 2783 reliqui
1180 2725 1281 2765 libri
1305 2739 1450 2767 omnes
1471 2721 1567 2768 ἄνυ·
